None,ticker,dimension,calendardate,datekey,reportperiod,lastupdated,accoci,assets,assetsavg,assetsc,assetsnc,assetturnover,bvps,capex,cashneq,cashnequsd,cor,consolinc,currentratio,de,debt,debtc,debtnc,debtusd,deferredrev,depamor,deposits,divyield,dps,ebit,ebitda,ebitdamargin,ebitdausd,ebitusd,ebt,eps,epsdil,epsusd,equity,equityavg,equityusd,ev,evebit,evebitda,fcf,fcfps,fxusd,gp,grossmargin,intangibles,intexp,invcap,invcapavg,inventory,investments,investmentsc,investmentsnc,liabilities,liabilitiesc,liabilitiesnc,marketcap,ncf,ncfbus,ncfcommon,ncfdebt,ncfdiv,ncff,ncfi,ncfinv,ncfo,ncfx,netinc,netinccmn,netinccmnusd,netincdis,netincnci,netmargin,opex,opinc,payables,payoutratio,pb,pe,pe1,ppnenet,prefdivis,price,ps,ps1,receivables,retearn,revenue,revenueusd,rnd,roa,roe,roic,ros,sbcomp,sgna,sharefactor,sharesbas,shareswa,shareswadil,sps,tangibles,taxassets,taxexp,taxliabilities,tbvps,workingcapital
0,MDLZ,MRY,2020-12-31,2020-12-31,2020-12-31,2021-08-25,-10690000000.0,67810000000.0,65462750000.0,9979000000.0,57831000000.0,0.406,19.283,-853000000.0,3619000000.0,3619000000.0,16135000000.0,3569000000.0,0.658,1.456,20516000000.0,2770000000.0,17746000000.0,20516000000.0,0.0,1116000000.0,0.0,0.021,1.2,5387000000.0,6503000000.0,0.245,6503000000.0,5387000000.0,4779000000.0,2.48,2.47,2.48,27578000000.0,26553250000.0,27578000000.0,101460616753.0,19.0,15.602,3111000000.0,2.175,1.0,10446000000.0,0.393,40377000000.0,608000000.0,29171000000.0,29487500000.0,2647000000.0,6036000000.0,0.0,6036000000.0,40156000000.0,15159000000.0,24997000000.0,83621616753.0,2322000000.0,1353000000.0,-1390000000.0,722000000.0,-1678000000.0,-2215000000.0,500000000.0,0.0,3964000000.0,73000000.0,3555000000.0,3555000000.0,3555000000.0,0.0,14000000.0,0.134,6593000000.0,3853000000.0,6209000000.0,0.484,3.032,23.522,23.577,9664000000.0,0.0,58.47,3.146,3.146,2954000000.0,28402000000.0,26581000000.0,26581000000.0,0.0,0.054,0.134,0.183,0.203,126000000.0,6098000000.0,1.0,1430162763.0,1430162763.0,,18.586,27433000000.0,790000000.0,1224000000.0,3346000000.0,19.182,-5180000000.0
1,MDLZ,MRY,2019-12-31,2019-12-31,2019-12-31,2021-08-25,-10254000000.0,64515000000.0,64036250000.0,7630000000.0,56885000000.0,0.404,18.92,-843000000.0,1291000000.0,1291000000.0,15531000000.0,3944000000.0,0.498,1.366,18829000000.0,4219000000.0,14610000000.0,18829000000.0,0.0,1047000000.0,0.0,0.02,1.09,4387000000.0,5434000000.0,0.21,5434000000.0,4387000000.0,3931000000.0,2.72,2.69,2.72,27241000000.0,26492000000.0,27241000000.0,97717526355.0,22.0,17.983,3122000000.0,2.168,1.0,10337000000.0,0.4,38805000000.0,456000000.0,27926000000.0,26675000000.0,2546000000.0,7178000000.0,0.0,7178000000.0,37198000000.0,15322000000.0,21876000000.0,79305526355.0,228000000.0,-117000000.0,-1480000000.0,-78000000.0,-1542000000.0,-2787000000.0,-960000000.0,0.0,3965000000.0,10000000.0,3929000000.0,3929000000.0,3929000000.0,0.0,15000000.0,0.152,6538000000.0,3799000000.0,5853000000.0,0.401,2.911,20.185,20.25,9301000000.0,0.0,55.08,3.066,3.066,2927000000.0,26615000000.0,25868000000.0,25868000000.0,0.0,0.061,0.148,0.164,0.17,135000000.0,6136000000.0,1.0,1439824371.0,1439824371.0,,17.966,25710000000.0,726000000.0,2000000.0,3338000000.0,17.856,-7692000000.0
2,MDLZ,MRY,2018-12-31,2018-12-31,2018-12-31,2021-08-25,-10630000000.0,62729000000.0,63531000000.0,7604000000.0,55125000000.0,0.408,17.634,-697000000.0,1100000000.0,1100000000.0,15586000000.0,3331000000.0,0.454,1.444,18372000000.0,5840000000.0,12532000000.0,18372000000.0,0.0,811000000.0,0.0,0.024,0.96,4610000000.0,5421000000.0,0.209,5421000000.0,4610000000.0,4090000000.0,2.25,2.23,2.25,25637000000.0,25687250000.0,25637000000.0,76888031662.0,17.0,14.183,3251000000.0,2.236,1.0,10352000000.0,0.399,38727000000.0,520000000.0,24537000000.0,26274250000.0,2592000000.0,7123000000.0,0.0,7123000000.0,37016000000.0,16737000000.0,20279000000.0,58197031662.0,339000000.0,-527000000.0,-2020000000.0,839000000.0,-1359000000.0,-2329000000.0,-1224000000.0,0.0,3948000000.0,-56000000.0,3317000000.0,3317000000.0,3317000000.0,0.0,14000000.0,0.128,7040000000.0,3312000000.0,5794000000.0,0.427,2.27,17.545,17.791,8482000000.0,0.0,40.03,2.244,2.244,3006000000.0,24491000000.0,25938000000.0,25938000000.0,0.0,0.052,0.129,0.175,0.178,128000000.0,6475000000.0,1.0,1453835415.0,1453835415.0,,17.841,24002000000.0,255000000.0,773000000.0,3552000000.0,16.509,-9133000000.0
3,MDLZ,MRY,2017-12-31,2017-12-31,2017-12-31,2021-08-25,-9997000000.0,62957000000.0,62770250000.0,7520000000.0,55437000000.0,0.413,17.394,-905000000.0,761000000.0,761000000.0,15862000000.0,2842000000.0,0.476,1.419,17652000000.0,4680000000.0,12972000000.0,17652000000.0,0.0,816000000.0,0.0,0.019,0.82,3876000000.0,4692000000.0,0.181,4692000000.0,3876000000.0,3494000000.0,1.87,1.85,1.87,25994000000.0,25850750000.0,25994000000.0,81748831994.0,21.0,17.423,1688000000.0,1.13,1.0,10034000000.0,0.387,39724000000.0,382000000.0,24331000000.0,25022500000.0,2557000000.0,6193000000.0,0.0,6193000000.0,36883000000.0,15793000000.0,21090000000.0,63959831994.0,-980000000.0,604000000.0,-2174000000.0,-196000000.0,-1198000000.0,-3361000000.0,-301000000.0,0.0,2593000000.0,89000000.0,2828000000.0,2828000000.0,2828000000.0,0.0,14000000.0,0.109,6758000000.0,3276000000.0,5705000000.0,0.439,2.461,22.617,22.888,8677000000.0,0.0,42.8,2.47,2.47,3526000000.0,22631000000.0,25896000000.0,25896000000.0,0.0,0.045,0.109,0.155,0.15,137000000.0,5938000000.0,1.0,1494388598.0,1494388598.0,,17.329,23233000000.0,319000000.0,666000000.0,3341000000.0,15.547,-8273000000.0
4,MDLZ,MRY,2016-12-31,2016-12-31,2016-12-31,2021-08-25,-11122000000.0,61538000000.0,63012250000.0,8480000000.0,53058000000.0,0.411,16.292,-1086000000.0,1741000000.0,1741000000.0,15819000000.0,1645000000.0,0.588,1.444,17199000000.0,3982000000.0,13217000000.0,17199000000.0,0.0,823000000.0,0.0,0.016,0.72,2864000000.0,3687000000.0,0.142,3687000000.0,2864000000.0,1749000000.0,1.05,1.04,1.05,25161000000.0,27008000000.0,25161000000.0,83883770971.0,29.0,22.751,1752000000.0,1.134,1.0,10104000000.0,0.39,38377000000.0,1115000000.0,24202000000.0,25630750000.0,2469000000.0,5585000000.0,0.0,5585000000.0,36323000000.0,14417000000.0,21906000000.0,68463770971.0,-129000000.0,57000000.0,-2601000000.0,1704000000.0,-1094000000.0,-1862000000.0,-1029000000.0,0.0,2838000000.0,-76000000.0,1635000000.0,1635000000.0,1635000000.0,0.0,10000000.0,0.063,7559000000.0,2545000000.0,5318000000.0,0.686,2.721,41.874,42.219,8229000000.0,0.0,44.33,2.641,2.641,3470000000.0,21149000000.0,25923000000.0,25923000000.0,0.0,0.026,0.061,0.112,0.11,140000000.0,6546000000.0,1.0,1544411707.0,1544411707.0,,16.785,23161000000.0,358000000.0,114000000.0,4721000000.0,14.997,-5937000000.0
5,MDLZ,MRY,2015-12-31,2015-12-31,2015-12-31,2021-08-25,-9986000000.0,62843000000.0,64639250000.0,8958000000.0,53885000000.0,0.458,17.627,-1454000000.0,1870000000.0,1870000000.0,18124000000.0,7291000000.0,0.82,1.24,15398000000.0,841000000.0,14557000000.0,15398000000.0,0.0,894000000.0,0.0,0.014,0.64,8873000000.0,9767000000.0,0.33,9767000000.0,8873000000.0,7860000000.0,4.49,4.44,4.49,28012000000.0,26767750000.0,28012000000.0,85578269983.0,10.0,8.762,2274000000.0,1.431,1.0,11512000000.0,0.388,39432000000.0,1013000000.0,26017000000.0,25202250000.0,2609000000.0,5387000000.0,0.0,5387000000.0,34743000000.0,10922000000.0,23821000000.0,71258269983.0,239000000.0,4103000000.0,-3622000000.0,-1379000000.0,-1008000000.0,-5883000000.0,2649000000.0,0.0,3728000000.0,-255000000.0,7267000000.0,7267000000.0,7267000000.0,0.0,24000000.0,0.245,9437000000.0,2075000000.0,4890000000.0,0.143,2.544,9.806,9.987,8362000000.0,0.0,44.84,2.404,2.404,3846000000.0,20700000000.0,29636000000.0,29636000000.0,0.0,0.112,0.271,0.352,0.299,136000000.0,7577000000.0,1.0,1589167484.0,1589167484.0,,18.649,23411000000.0,277000000.0,593000000.0,4750000000.0,14.732,-1964000000.0
6,MDLZ,MRY,2014-12-31,2014-12-31,2014-12-31,2021-08-25,-7318000000.0,66771000000.0,70594500000.0,11750000000.0,55021000000.0,0.485,16.519,-1635000000.0,1631000000.0,1631000000.0,21647000000.0,2201000000.0,0.839,1.402,16656000000.0,2835000000.0,13821000000.0,16656000000.0,0.0,1059000000.0,0.0,0.016,0.58,3225000000.0,4284000000.0,0.125,4284000000.0,3225000000.0,2537000000.0,1.29,1.28,1.29,27750000000.0,30627750000.0,27750000000.0,77198209150.0,24.0,18.02,1927000000.0,1.147,1.0,12597000000.0,0.368,43724000000.0,688000000.0,24065000000.0,25856500000.0,3480000000.0,662000000.0,0.0,662000000.0,38918000000.0,14007000000.0,24911000000.0,61023209150.0,-991000000.0,-7000000.0,-1700000000.0,-218000000.0,-964000000.0,-2688000000.0,-1642000000.0,0.0,3562000000.0,-223000000.0,2184000000.0,2184000000.0,2184000000.0,0.0,17000000.0,0.064,9355000000.0,3242000000.0,5299000000.0,0.45,2.199,27.941,28.159,9827000000.0,0.0,36.325,1.782,1.782,4751000000.0,14529000000.0,34244000000.0,34244000000.0,0.0,0.031,0.071,0.125,0.094,141000000.0,8457000000.0,1.0,1679923170.0,1679923170.0,,20.384,23047000000.0,480000000.0,353000000.0,5512000000.0,13.719,-2257000000.0
7,MDLZ,MRY,2013-12-31,2013-12-31,2013-12-31,2021-08-25,-2889000000.0,72515000000.0,73123750000.0,13174000000.0,59341000000.0,0.483,18.459,-1479000000.0,2622000000.0,2622000000.0,22189000000.0,3935000000.0,0.918,1.235,17079000000.0,2597000000.0,14482000000.0,17079000000.0,0.0,1077000000.0,0.0,0.015,0.54,5554000000.0,6631000000.0,0.188,6631000000.0,5554000000.0,3975000000.0,2.21,2.19,2.21,32373000000.0,31999250000.0,32373000000.0,78135699880.0,14.0,11.783,4931000000.0,2.812,1.0,13110000000.0,0.371,47591000000.0,1579000000.0,25027000000.0,26922500000.0,3743000000.0,0.0,0.0,0.0,39983000000.0,14354000000.0,25629000000.0,61908699880.0,-1853000000.0,-4000000.0,-2900000000.0,-2976000000.0,-943000000.0,-6687000000.0,-1483000000.0,0.0,6410000000.0,-93000000.0,3915000000.0,3915000000.0,3915000000.0,-1603000000.0,20000000.0,0.111,9169000000.0,3941000000.0,5345000000.0,0.244,1.912,15.813,15.973,10247000000.0,0.0,35.3,1.754,1.754,5403000000.0,13419000000.0,35299000000.0,35299000000.0,0.0,0.054,0.122,0.206,0.157,128000000.0,8679000000.0,1.0,1753787532.0,1753787532.0,,20.127,24924000000.0,517000000.0,60000000.0,6282000000.0,14.212,-1180000000.0
8,MDLZ,MRY,2012-12-31,2012-12-31,2012-12-31,2021-08-25,-2666000000.0,75477000000.0,91754250000.0,15673000000.0,59804000000.0,0.382,18.162,-1477000000.0,4475000000.0,4475000000.0,21939000000.0,3094000000.0,1.054,1.334,19425000000.0,3851000000.0,15574000000.0,19425000000.0,0.0,1345000000.0,0.0,0.039,1.0,5098000000.0,6443000000.0,0.184,6443000000.0,5098000000.0,3235000000.0,1.73,1.71,1.73,32276000000.0,35481250000.0,32276000000.0,70865580150.0,14.0,10.999,2446000000.0,1.376,1.0,13076000000.0,0.373,48292000000.0,1863000000.0,27265000000.0,39234750000.0,3741000000.0,0.0,0.0,0.0,43061000000.0,14870000000.0,28191000000.0,45232580150.0,2501000000.0,-210000000.0,0.0,2373000000.0,-2058000000.0,204000000.0,-1687000000.0,0.0,3923000000.0,61000000.0,3067000000.0,3067000000.0,3067000000.0,-1488000000.0,27000000.0,0.088,9439000000.0,3637000000.0,4642000000.0,0.578,1.401,14.748,14.713,10010000000.0,0.0,25.453,1.292,1.292,6129000000.0,10551000000.0,35015000000.0,35015000000.0,0.0,0.033,0.086,0.13,0.146,162000000.0,9176000000.0,1.0,1777088152.0,1777088152.0,,19.704,27185000000.0,593000000.0,168000000.0,6235000000.0,15.297,803000000.0
9,MDLZ,MRY,2011-12-31,2011-12-31,2011-12-31,2021-08-25,-6637000000.0,93837000000.0,96741250000.0,16202000000.0,77635000000.0,0.37,19.933,-1728000000.0,1974000000.0,1974000000.0,22710000000.0,3574000000.0,0.878,1.661,26931000000.0,3836000000.0,23095000000.0,26931000000.0,0.0,1485000000.0,0.0,0.031,1.16,5288000000.0,6773000000.0,0.189,6773000000.0,5288000000.0,3670000000.0,2.01,2.01,2.01,35217000000.0,37045250000.0,35217000000.0,92907730909.0,18.0,13.717,2792000000.0,1.58,1.0,13100000000.0,0.366,62483000000.0,1618000000.0,37866000000.0,39806000000.0,5706000000.0,0.0,0.0,0.0,58509000000.0,18445000000.0,40064000000.0,66005730909.0,-507000000.0,0.0,0.0,-1643000000.0,-2043000000.0,-3175000000.0,-1728000000.0,0.0,4520000000.0,-124000000.0,3554000000.0,3554000000.0,3554000000.0,-1810000000.0,20000000.0,0.099,9602000000.0,3498000000.0,5525000000.0,0.577,1.874,18.572,18.587,13813000000.0,0.0,37.36,1.843,1.843,6361000000.0,18012000000.0,35810000000.0,35810000000.0,0.0,0.037,0.096,0.133,0.148,181000000.0,9382000000.0,1.0,1766748686.0,1766748686.0,,20.269,31354000000.0,912000000.0,116000000.0,6738000000.0,17.747,-2243000000.0
10,MDLZ,MRY,2010-12-31,2010-12-31,2010-12-31,2021-08-25,-3890000000.0,95289000000.0,94052000000.0,16221000000.0,79068000000.0,0.335,20.514,-1653000000.0,2481000000.0,2481000000.0,19617000000.0,4139000000.0,1.021,1.656,28724000000.0,1865000000.0,26859000000.0,28724000000.0,0.0,1440000000.0,0.0,0.037,1.16,5938000000.0,7378000000.0,0.234,7378000000.0,5938000000.0,4168000000.0,2.4,2.39,2.4,35834000000.0,34547750000.0,35834000000.0,82787835159.0,14.0,11.221,2095000000.0,1.199,1.0,11872000000.0,0.377,63819000000.0,1770000000.0,41820000000.0,43788000000.0,5310000000.0,0.0,0.0,0.0,59347000000.0,15893000000.0,43454000000.0,55040835159.0,380000000.0,-5809000000.0,0.0,6435000000.0,-2175000000.0,4188000000.0,-7462000000.0,0.0,3748000000.0,-94000000.0,4114000000.0,4114000000.0,4114000000.0,-3467000000.0,25000000.0,0.131,9376000000.0,2496000000.0,5409000000.0,0.483,1.536,13.379,13.129,13792000000.0,0.0,31.51,1.748,1.748,6539000000.0,16619000000.0,31489000000.0,31489000000.0,0.0,0.044,0.119,0.136,0.189,174000000.0,9140000000.0,1.0,1746773569.0,1746773569.0,,18.027,31470000000.0,898000000.0,54000000.0,7984000000.0,18.016,328000000.0
11,MDLZ,MRY,2009-12-31,2009-12-31,2009-12-31,2021-08-25,-3955000000.0,66714000000.0,65097500000.0,12454000000.0,54260000000.0,0.595,17.533,-1280000000.0,2101000000.0,2101000000.0,24819000000.0,3028000000.0,1.084,1.575,18990000000.0,966000000.0,18024000000.0,18990000000.0,0.0,931000000.0,0.0,0.043,1.16,5394000000.0,6325000000.0,0.163,6325000000.0,5394000000.0,4157000000.0,2.04,2.03,2.04,25876000000.0,24422500000.0,25876000000.0,57842236750.0,11.0,9.145,3804000000.0,2.578,1.0,13935000000.0,0.36,42193000000.0,1237000000.0,29919000000.0,30613000000.0,3775000000.0,0.0,0.0,0.0,40742000000.0,11491000000.0,29251000000.0,40113236750.0,857000000.0,41000000.0,-10000000.0,-1411000000.0,-1712000000.0,-3133000000.0,-1239000000.0,0.0,5084000000.0,145000000.0,3021000000.0,3021000000.0,3021000000.0,-218000000.0,7000000.0,0.078,8752000000.0,5183000000.0,3766000000.0,0.569,1.55,13.278,13.324,10693000000.0,0.0,27.18,1.035,1.035,5197000000.0,14636000000.0,38754000000.0,38754000000.0,0.0,0.046,0.124,0.176,0.139,164000000.0,8784000000.0,1.0,1475836525.0,1475836525.0,,26.259,24521000000.0,730000000.0,1136000000.0,4508000000.0,16.615,963000000.0
12,MDLZ,MRY,2008-12-31,2008-12-31,2008-12-31,2021-08-25,-5994000000.0,63173000000.0,67747250000.0,11461000000.0,51712000000.0,0.598,15.176,-1367000000.0,1244000000.0,1244000000.0,27164000000.0,2893000000.0,1.038,1.831,20251000000.0,1662000000.0,18589000000.0,20251000000.0,0.0,986000000.0,0.0,0.042,1.12,4782000000.0,5768000000.0,0.142,5768000000.0,4782000000.0,3542000000.0,1.92,1.9,1.92,22295000000.0,25978000000.0,22295000000.0,59302085807.0,12.0,10.281,2774000000.0,1.888,1.0,13328000000.0,0.329,40507000000.0,1240000000.0,30629000000.0,33874750000.0,3881000000.0,0.0,0.0,0.0,40817000000.0,11044000000.0,29773000000.0,39446085807.0,677000000.0,-2000000.0,-777000000.0,311000000.0,-1663000000.0,-2057000000.0,-1320000000.0,0.0,4141000000.0,-87000000.0,2884000000.0,2884000000.0,2884000000.0,-1215000000.0,9000000.0,0.071,9752000000.0,3576000000.0,3373000000.0,0.583,1.769,13.678,13.984,9917000000.0,0.0,26.85,0.974,0.974,4704000000.0,13440000000.0,40492000000.0,40492000000.0,0.0,0.043,0.111,0.141,0.118,178000000.0,8613000000.0,1.0,1469127963.0,1469127963.0,,27.562,22666000000.0,804000000.0,658000000.0,4064000000.0,15.428,417000000.0
13,MDLZ,MRY,2007-12-31,2007-12-31,2007-12-31,2021-08-25,-1835000000.0,67993000000.0,59415250000.0,10737000000.0,57256000000.0,0.604,17.642,-1241000000.0,567000000.0,567000000.0,23656000000.0,2724000000.0,0.628,1.491,21009000000.0,8107000000.0,12902000000.0,21009000000.0,0.0,886000000.0,0.0,0.032,1.04,4405000000.0,5291000000.0,0.148,5291000000.0,4405000000.0,3801000000.0,1.71,1.7,1.71,27295000000.0,27595500000.0,27295000000.0,63442979670.0,14.0,11.991,2330000000.0,1.506,1.0,12202000000.0,0.34,43393000000.0,604000000.0,27956000000.0,23322250000.0,4096000000.0,0.0,0.0,0.0,40698000000.0,17086000000.0,23612000000.0,50484979670.0,328000000.0,-7221000000.0,-3708000000.0,10672000000.0,-1638000000.0,5121000000.0,-8416000000.0,0.0,3571000000.0,52000000.0,2721000000.0,2721000000.0,2721000000.0,-232000000.0,3000000.0,0.076,8026000000.0,4176000000.0,4065000000.0,0.608,1.85,18.554,19.082,10778000000.0,0.0,32.63,1.408,1.408,5197000000.0,12209000000.0,35858000000.0,35858000000.0,0.0,0.046,0.099,0.189,0.123,136000000.0,7587000000.0,1.0,1547195209.0,1547195209.0,,23.176,24600000000.0,575000000.0,1080000000.0,4876000000.0,15.9,-6349000000.0
14,MDLZ,MRY,2006-12-31,2006-12-31,2006-12-31,2021-08-25,-3069000000.0,55574000000.0,57612500000.0,8254000000.0,47320000000.0,0.577,17.372,-1169000000.0,239000000.0,239000000.0,21344000000.0,3060000000.0,0.788,0.946,10214000000.0,3133000000.0,7081000000.0,10214000000.0,0.0,891000000.0,0.0,0.027,0.96,4386000000.0,5277000000.0,0.159,5277000000.0,4386000000.0,3876000000.0,1.86,1.85,1.86,28555000000.0,29824500000.0,28555000000.0,68820959173.0,16.0,13.042,2551000000.0,1.552,1.0,11912000000.0,0.358,35730000000.0,510000000.0,19346000000.0,22448000000.0,3506000000.0,0.0,0.0,0.0,27019000000.0,10473000000.0,16546000000.0,58682959173.0,-77000000.0,946000000.0,-1254000000.0,-912000000.0,-1562000000.0,-3720000000.0,-116000000.0,0.0,3720000000.0,39000000.0,3060000000.0,3060000000.0,3060000000.0,-232000000.0,0.0,0.092,8009000000.0,3903000000.0,3209000000.0,0.516,2.055,19.177,19.194,9693000000.0,0.0,35.7,1.765,1.765,3869000000.0,11128000000.0,33256000000.0,33256000000.0,0.0,0.053,0.103,0.195,0.132,142000000.0,7120000000.0,1.0,1643780369.0,1643780369.0,,20.231,19844000000.0,387000000.0,816000000.0,4081000000.0,12.072,-2219000000.0
15,MDLZ,MRY,2005-12-31,2005-12-31,2005-12-31,2021-08-25,-1663000000.0,57628000000.0,58519250000.0,8153000000.0,49475000000.0,0.583,17.599,-1171000000.0,316000000.0,316000000.0,21845000000.0,2632000000.0,0.935,0.947,10548000000.0,2073000000.0,8475000000.0,10548000000.0,0.0,879000000.0,0.0,0.031,0.87,4477000000.0,5356000000.0,0.157,5356000000.0,4477000000.0,3841000000.0,1.56,1.55,1.56,29593000000.0,29837000000.0,29593000000.0,57916313410.0,13.0,10.813,2293000000.0,1.364,1.0,12268000000.0,0.36,35164000000.0,636000000.0,23972000000.0,25453000000.0,3343000000.0,0.0,0.0,0.0,28035000000.0,8724000000.0,19311000000.0,47368313410.0,34000000.0,1668000000.0,-1175000000.0,-1711000000.0,-1437000000.0,-3951000000.0,525000000.0,0.0,3464000000.0,-4000000.0,2632000000.0,2632000000.0,2632000000.0,272000000.0,0.0,0.077,7519000000.0,4749000000.0,2922000000.0,0.558,1.601,17.997,18.058,9817000000.0,0.0,28.17,1.389,1.389,3385000000.0,9453000000.0,34113000000.0,34113000000.0,0.0,0.045,0.088,0.176,0.131,0.0,7138000000.0,1.0,1681516273.0,1681516273.0,,20.287,22464000000.0,879000000.0,1209000000.0,6304000000.0,13.359,-571000000.0
16,MDLZ,MRY,2004-12-31,2004-12-31,2004-12-31,2021-08-25,-1205000000.0,59928000000.0,59407500000.0,9722000000.0,50206000000.0,0.541,17.492,-1006000000.0,282000000.0,282000000.0,20281000000.0,2665000000.0,1.071,1.004,12291000000.0,2568000000.0,9723000000.0,12291000000.0,0.0,879000000.0,0.0,0.022,0.77,4605000000.0,5484000000.0,0.17,5484000000.0,4605000000.0,3939000000.0,1.56,1.55,1.56,29911000000.0,29203750000.0,29911000000.0,73320486582.0,16.0,13.37,3002000000.0,1.756,1.0,11887000000.0,0.37,35811000000.0,666000000.0,27048000000.0,27187750000.0,3447000000.0,0.0,0.0,0.0,30017000000.0,9078000000.0,20939000000.0,60891486582.0,-232000000.0,-119000000.0,-688000000.0,-645000000.0,-1280000000.0,-3218000000.0,-1056000000.0,0.0,4008000000.0,34000000.0,2665000000.0,2665000000.0,2665000000.0,4000000.0,0.0,0.083,7275000000.0,4612000000.0,2434000000.0,0.494,2.036,22.849,22.827,9985000000.0,0.0,35.61,1.893,1.893,3541000000.0,8304000000.0,32168000000.0,32168000000.0,0.0,0.045,0.091,0.169,0.143,0.0,6658000000.0,1.0,1709954692.0,1709954692.0,,18.812,24117000000.0,749000000.0,1274000000.0,6638000000.0,14.104,644000000.0
17,MDLZ,MRY,2003-12-31,2003-12-31,2003-12-31,2021-08-25,-1792000000.0,59285000000.0,58833750000.0,8124000000.0,51161000000.0,0.518,16.513,-1085000000.0,514000000.0,514000000.0,18531000000.0,3476000000.0,1.033,1.078,12919000000.0,1328000000.0,11591000000.0,12919000000.0,0.0,813000000.0,0.0,0.02,0.66,5953000000.0,6766000000.0,0.222,6766000000.0,5953000000.0,5288000000.0,2.01,2.01,2.01,28530000000.0,27576500000.0,28530000000.0,68784563156.0,12.0,10.166,3034000000.0,1.756,1.0,11967000000.0,0.392,36879000000.0,665000000.0,26950000000.0,26360250000.0,3343000000.0,0.0,0.0,0.0,30755000000.0,7861000000.0,22894000000.0,55667563156.0,299000000.0,-2000000.0,-372000000.0,-852000000.0,-1089000000.0,-2786000000.0,-1049000000.0,0.0,4119000000.0,15000000.0,3476000000.0,3476000000.0,3476000000.0,-97000000.0,0.0,0.114,6107000000.0,5860000000.0,2548000000.0,0.328,1.951,16.015,16.03,10155000000.0,0.0,32.22,1.825,1.825,3369000000.0,7020000000.0,30498000000.0,30498000000.0,0.0,0.059,0.126,0.226,0.195,0.0,6123000000.0,1.0,1727733183.0,1727733183.0,,17.652,22406000000.0,681000000.0,1812000000.0,6307000000.0,12.968,263000000.0
18,MDLZ,MRY,2002-12-31,2002-12-31,2002-12-31,2021-08-25,-2467000000.0,57100000000.0,56562000000.0,7456000000.0,49644000000.0,0.517,14.914,-1184000000.0,215000000.0,215000000.0,17463000000.0,3394000000.0,1.04,1.21,13548000000.0,572000000.0,12976000000.0,13548000000.0,0.0,716000000.0,0.0,0.014,0.56,6054000000.0,6770000000.0,0.231,6770000000.0,6054000000.0,5207000000.0,1.96,1.96,1.96,25832000000.0,24969250000.0,25832000000.0,80769832522.0,13.0,11.931,2536000000.0,1.464,1.0,11785000000.0,0.403,36420000000.0,847000000.0,26844000000.0,25261500000.0,3382000000.0,0.0,0.0,0.0,31268000000.0,7169000000.0,24099000000.0,67427832522.0,53000000.0,97000000.0,-170000000.0,-2170000000.0,-936000000.0,-2616000000.0,-1052000000.0,0.0,3720000000.0,1000000.0,3394000000.0,3394000000.0,3394000000.0,-97000000.0,0.0,0.116,5824000000.0,5961000000.0,2834000000.0,0.286,2.61,19.867,19.862,9559000000.0,0.0,38.93,2.305,2.305,3116000000.0,4814000000.0,29248000000.0,29248000000.0,0.0,0.06,0.136,0.24,0.207,0.0,5644000000.0,1.0,1732027550.0,1732027550.0,,16.887,20680000000.0,511000000.0,1813000000.0,5791000000.0,11.94,287000000.0
19,MDLZ,MRY,2001-12-31,2001-12-31,2001-12-31,2021-08-25,-2568000000.0,55798000000.0,52858000000.0,7006000000.0,48792000000.0,0.553,13.532,-1101000000.0,162000000.0,162000000.0,17566000000.0,1882000000.0,0.789,1.377,14355000000.0,1221000000.0,13134000000.0,14355000000.0,0.0,1642000000.0,0.0,0.004,0.13,4884000000.0,6526000000.0,0.223,6526000000.0,4884000000.0,3447000000.0,1.17,1.17,1.17,23478000000.0,21028500000.0,23478000000.0,73237050000.0,15.0,11.222,2227000000.0,1.284,1.0,11668000000.0,0.399,35957000000.0,1437000000.0,25159000000.0,28893250000.0,3026000000.0,0.0,0.0,0.0,32320000000.0,8875000000.0,23445000000.0,59042050000.0,-29000000.0,-173000000.0,8425000000.0,-10473000000.0,-225000000.0,-2131000000.0,-1222000000.0,0.0,3328000000.0,-4000000.0,1882000000.0,1882000000.0,1882000000.0,0.0,0.0,0.064,6792000000.0,4876000000.0,3549000000.0,0.111,2.515,31.372,29.085,9109000000.0,0.0,34.03,2.02,2.02,3131000000.0,2391000000.0,29234000000.0,29234000000.0,0.0,0.036,0.089,0.169,0.167,0.0,5748000000.0,1.0,1735000000.0,1735000000.0,,16.85,19841000000.0,466000000.0,1565000000.0,5259000000.0,11.436,-1869000000.0
20,MDLZ,MRY,2000-12-31,2000-12-31,2000-12-31,2021-08-25,-2174000000.0,52071000000.0,41203500000.0,7152000000.0,44919000000.0,0.556,8.097,-906000000.0,191000000.0,191000000.0,13959000000.0,2001000000.0,0.942,2.707,24961000000.0,859000000.0,24102000000.0,24961000000.0,0.0,1034000000.0,0.0,,0.0,4012000000.0,5046000000.0,0.22,5046000000.0,4012000000.0,3415000000.0,1.38,1.38,1.38,14048000000.0,13754500000.0,14048000000.0,,,,2348000000.0,1.353,1.0,8963000000.0,0.391,31584000000.0,597000000.0,37667000000.0,27189500000.0,3041000000.0,0.0,0.0,0.0,38023000000.0,7590000000.0,30433000000.0,,96000000.0,-15224000000.0,0.0,14035000000.0,-1009000000.0,12982000000.0,-16138000000.0,0.0,3254000000.0,-2000000.0,2001000000.0,2001000000.0,2001000000.0,0.0,0.0,0.087,5123000000.0,3840000000.0,2836000000.0,0.0,,,,9405000000.0,0.0,,,,3231000000.0,992000000.0,22922000000.0,22922000000.0,0.0,0.049,0.145,0.148,0.175,0.0,4588000000.0,1.0,1735000000.0,1735000000.0,,13.212,20487000000.0,504000000.0,1414000000.0,1704000000.0,11.808,-438000000.0
21,MDLZ,MRY,1999-12-31,1999-12-31,1999-12-31,2021-08-25,-1769000000.0,30336000000.0,,5890000000.0,24446000000.0,,,-860000000.0,95000000.0,95000000.0,14573000000.0,1753000000.0,1.096,1.254,7140000000.0,105000000.0,7035000000.0,7140000000.0,0.0,1030000000.0,0.0,,0.0,3579000000.0,4609000000.0,0.172,4609000000.0,3579000000.0,3040000000.0,1.2,1.2,1.2,13461000000.0,,13461000000.0,,,,1833000000.0,,1.0,12224000000.0,0.456,15296000000.0,539000000.0,16712000000.0,,2563000000.0,0.0,0.0,0.0,16875000000.0,5373000000.0,11502000000.0,,-17000000.0,161000000.0,0.0,535000000.0,-3016000000.0,-2031000000.0,-669000000.0,0.0,2693000000.0,-10000000.0,1753000000.0,1753000000.0,1753000000.0,0.0,0.0,0.065,8645000000.0,3579000000.0,2249000000.0,0.0,,,,6526000000.0,0.0,,,,2755000000.0,,26797000000.0,26797000000.0,0.0,,,,0.134,0.0,8106000000.0,1.0,,,,,15040000000.0,356000000.0,1287000000.0,1432000000.0,,517000000.0
22,MDLZ,MRY,1998-12-31,1998-12-31,1998-12-31,2021-08-25,,,,,,,,-841000000.0,,,15544000000.0,1632000000.0,,,,,,,,1038000000.0,,,0.0,3535000000.0,4573000000.0,0.167,4573000000.0,3535000000.0,2999000000.0,1.12,1.12,1.12,,,,,,,1483000000.0,,1.0,11767000000.0,0.431,,536000000.0,,,,,,,,,,,-10000000.0,-1000000.0,0.0,984000000.0,-2172000000.0,-1565000000.0,-763000000.0,0.0,2324000000.0,-6000000.0,1632000000.0,1632000000.0,1632000000.0,0.0,0.0,0.06,8232000000.0,3535000000.0,,0.0,,,,,0.0,,,,,,27311000000.0,27311000000.0,0.0,,,,0.129,0.0,7688000000.0,1.0,,,,,,,1367000000.0,,,
0,MDLZ,MRQ,2021-06-30,2021-06-30,2021-06-30,2021-08-25,-10572000000.0,66477000000.0,,8654000000.0,57823000000.0,,19.608,-194000000.0,1938000000.0,1938000000.0,4011000000.0,1079000000.0,0.614,1.411,19504000000.0,1969000000.0,17535000000.0,19504000000.0,0.0,280000000.0,0.0,0.02,0.315,1534000000.0,1814000000.0,0.273,1814000000.0,1534000000.0,1476000000.0,0.77,0.76,0.77,27543000000.0,,27543000000.0,105659168827.0,17.0,14.24,683000000.0,0.486,1.0,2631000000.0,0.396,40961000000.0,58000000.0,28997000000.0,,2925000000.0,5586000000.0,0.0,5586000000.0,38857000000.0,14085000000.0,24772000000.0,87710168827.0,-90000000.0,655000000.0,-452000000.0,-628000000.0,-443000000.0,-1447000000.0,470000000.0,0.0,877000000.0,10000000.0,1078000000.0,1078000000.0,1078000000.0,0.0,1000000.0,0.162,1759000000.0,872000000.0,6375000000.0,0.409,3.184,20.332,20.607,9510000000.0,0.0,62.44,3.15,3.15,2913000000.0,29538000000.0,6642000000.0,6642000000.0,0.0,,,,,38000000.0,1593000000.0,1.0,1404711224.0,1404711224.0,,4.728,25516000000.0,723000000.0,398000000.0,3436000000.0,18.165,-5431000000.0
1,MDLZ,MRQ,2021-03-31,2021-03-31,2021-03-31,2021-08-25,-10746000000.0,66349000000.0,,8843000000.0,57506000000.0,,19.173,-216000000.0,2028000000.0,2028000000.0,4272000000.0,968000000.0,0.608,1.448,19977000000.0,2569000000.0,17408000000.0,19977000000.0,0.0,284000000.0,0.0,0.021,0.315,1391000000.0,1675000000.0,0.231,1675000000.0,1391000000.0,1173000000.0,0.68,0.68,0.68,27075000000.0,,27075000000.0,99548065138.0,17.0,14.537,699000000.0,0.495,1.0,2966000000.0,0.41,40472000000.0,218000000.0,29276000000.0,,2635000000.0,5916000000.0,0.0,5916000000.0,39200000000.0,14550000000.0,24650000000.0,82651065138.0,-1591000000.0,-490000000.0,-1046000000.0,-333000000.0,-453000000.0,-1781000000.0,-690000000.0,0.0,915000000.0,-35000000.0,961000000.0,961000000.0,961000000.0,0.0,7000000.0,0.133,1683000000.0,1283000000.0,6372000000.0,0.463,3.053,21.865,22.17,9375000000.0,0.0,58.53,3.049,3.049,3315000000.0,28903000000.0,7238000000.0,7238000000.0,0.0,,,,,25000000.0,1564000000.0,1.0,1412114559.0,1412114559.0,,5.126,25877000000.0,725000000.0,212000000.0,3353000000.0,18.325,-5707000000.0
2,MDLZ,MRQ,2020-12-31,2020-12-31,2020-12-31,2021-08-25,-10690000000.0,67810000000.0,,9979000000.0,57831000000.0,,19.283,-223000000.0,3619000000.0,3619000000.0,4426000000.0,1159000000.0,0.658,1.456,20516000000.0,2770000000.0,17746000000.0,20516000000.0,0.0,303000000.0,0.0,0.021,0.315,1744000000.0,2047000000.0,0.28,2047000000.0,1744000000.0,1500000000.0,0.8,0.81,0.8,27578000000.0,,27578000000.0,101460616753.0,19.0,15.602,1426000000.0,0.997,1.0,2872000000.0,0.394,40377000000.0,244000000.0,29171000000.0,,2647000000.0,6036000000.0,0.0,6036000000.0,40156000000.0,15159000000.0,24997000000.0,83621616753.0,860000000.0,1138000000.0,-670000000.0,-626000000.0,-451000000.0,-1720000000.0,857000000.0,0.0,1649000000.0,74000000.0,1156000000.0,1156000000.0,1156000000.0,0.0,3000000.0,0.158,1723000000.0,1149000000.0,6209000000.0,0.394,3.032,23.522,23.577,9664000000.0,0.0,58.47,3.146,3.146,2954000000.0,28402000000.0,7298000000.0,7298000000.0,0.0,,,,,29000000.0,1624000000.0,1.0,1430162763.0,1430162763.0,,5.103,27433000000.0,790000000.0,344000000.0,3346000000.0,19.182,-5180000000.0
3,MDLZ,MRQ,2020-09-30,2020-09-30,2020-09-30,2021-08-25,-11255000000.0,66249000000.0,,9446000000.0,56803000000.0,,18.863,-185000000.0,2759000000.0,2759000000.0,3873000000.0,1122000000.0,0.745,1.456,20598000000.0,1198000000.0,19400000000.0,20598000000.0,0.0,285000000.0,0.0,0.02,0.315,1599000000.0,1884000000.0,0.283,1884000000.0,1599000000.0,1510000000.0,0.78,0.78,0.78,26943000000.0,,26943000000.0,100639037863.0,22.0,17.475,572000000.0,0.4,1.0,2792000000.0,0.419,39391000000.0,89000000.0,32012000000.0,,2840000000.0,6488000000.0,0.0,6488000000.0,39221000000.0,12685000000.0,26536000000.0,82058037863.0,1159000000.0,777000000.0,0.0,113000000.0,-408000000.0,-314000000.0,680000000.0,0.0,757000000.0,36000000.0,1119000000.0,1119000000.0,1119000000.0,0.0,3000000.0,0.168,1657000000.0,1135000000.0,5597000000.0,0.404,3.046,26.2,26.353,9194000000.0,0.0,57.45,3.132,3.132,3056000000.0,27702000000.0,6665000000.0,6665000000.0,0.0,,,,,34000000.0,1484000000.0,1.0,1428338344.0,1428338344.0,,4.666,26858000000.0,799000000.0,391000000.0,3387000000.0,18.804,-3239000000.0
4,MDLZ,MRQ,2020-06-30,2020-06-30,2020-06-30,2021-08-25,-11419000000.0,64194000000.0,,7995000000.0,56199000000.0,,18.227,-231000000.0,1602000000.0,1602000000.0,3580000000.0,545000000.0,0.55,1.464,20183000000.0,3700000000.0,16483000000.0,20183000000.0,0.0,272000000.0,0.0,0.022,0.285,970000000.0,1242000000.0,0.21,1242000000.0,970000000.0,885000000.0,0.38,0.38,0.38,26018000000.0,,26018000000.0,91284237490.0,22.0,17.784,1043000000.0,0.731,1.0,2331000000.0,0.394,38874000000.0,85000000.0,29362000000.0,,2710000000.0,6659000000.0,0.0,6659000000.0,38097000000.0,14539000000.0,23558000000.0,72986237490.0,-321000000.0,-747000000.0,0.0,-232000000.0,-410000000.0,-636000000.0,-982000000.0,0.0,1274000000.0,23000000.0,544000000.0,544000000.0,544000000.0,0.0,1000000.0,0.092,1618000000.0,713000000.0,5466000000.0,0.75,2.805,21.223,21.393,9010000000.0,0.0,51.13,2.82,2.82,2610000000.0,27040000000.0,5911000000.0,5911000000.0,0.0,,,,,35000000.0,1453000000.0,1.0,1427464062.0,1427464062.0,,4.141,25320000000.0,785000000.0,341000000.0,3383000000.0,17.738,-6544000000.0
5,MDLZ,MRQ,2020-03-31,2020-03-31,2020-03-31,2021-08-25,-11625000000.0,63598000000.0,,9068000000.0,54530000000.0,,17.917,-214000000.0,1925000000.0,1925000000.0,4256000000.0,743000000.0,0.533,1.474,20223000000.0,6436000000.0,13787000000.0,20223000000.0,0.0,256000000.0,0.0,0.022,0.285,1074000000.0,1330000000.0,0.198,1330000000.0,1074000000.0,884000000.0,0.51,0.51,0.51,25674000000.0,,25674000000.0,89299785740.0,21.0,16.945,70000000.0,0.049,1.0,2451000000.0,0.365,37487000000.0,190000000.0,27405000000.0,,2441000000.0,6887000000.0,0.0,6887000000.0,37846000000.0,17004000000.0,20842000000.0,71761785740.0,624000000.0,185000000.0,-720000000.0,1467000000.0,-409000000.0,455000000.0,-55000000.0,0.0,284000000.0,-60000000.0,736000000.0,736000000.0,736000000.0,0.0,7000000.0,0.11,1595000000.0,856000000.0,5554000000.0,0.559,2.795,19.406,19.486,8644000000.0,0.0,50.08,2.756,2.756,3298000000.0,26961000000.0,6707000000.0,6707000000.0,0.0,,,,,28000000.0,1537000000.0,1.0,1432943006.0,1432943006.0,,4.681,26111000000.0,708000000.0,148000000.0,3308000000.0,18.222,-7936000000.0
6,MDLZ,MRQ,2019-12-31,2019-12-31,2019-12-31,2021-08-25,-10254000000.0,64515000000.0,,7630000000.0,56885000000.0,,18.92,-157000000.0,1291000000.0,1291000000.0,4154000000.0,736000000.0,0.498,1.366,18829000000.0,4219000000.0,14610000000.0,18829000000.0,0.0,270000000.0,0.0,0.02,0.285,1033000000.0,1303000000.0,0.188,1303000000.0,1033000000.0,963000000.0,0.51,0.5,0.51,27241000000.0,,27241000000.0,97717526355.0,22.0,17.983,1926000000.0,1.338,1.0,2759000000.0,0.399,38805000000.0,70000000.0,27926000000.0,,2546000000.0,7178000000.0,0.0,7178000000.0,37198000000.0,15322000000.0,21876000000.0,79305526355.0,-209000000.0,1000000.0,-337000000.0,-1338000000.0,-411000000.0,-2101000000.0,-225000000.0,0.0,2083000000.0,34000000.0,733000000.0,733000000.0,733000000.0,0.0,3000000.0,0.106,1853000000.0,906000000.0,5853000000.0,0.559,2.911,20.185,20.25,9301000000.0,0.0,55.08,3.066,3.066,2927000000.0,26615000000.0,6913000000.0,6913000000.0,0.0,,,,,34000000.0,1750000000.0,1.0,1439824371.0,1439824371.0,,4.801,25710000000.0,726000000.0,230000000.0,3338000000.0,17.856,-7692000000.0
7,MDLZ,MRQ,2019-09-30,2019-09-30,2019-09-30,2021-08-25,-10717000000.0,63895000000.0,,8630000000.0,55265000000.0,,18.588,-221000000.0,1537000000.0,1537000000.0,3839000000.0,1431000000.0,0.504,1.381,19949000000.0,6927000000.0,13022000000.0,19949000000.0,0.0,260000000.0,0.0,0.019,0.285,998000000.0,1258000000.0,0.198,1258000000.0,998000000.0,793000000.0,0.99,0.98,0.99,26806000000.0,,26806000000.0,98197765715.0,23.0,18.697,615000000.0,0.426,1.0,2516000000.0,0.396,38107000000.0,205000000.0,27080000000.0,,2742000000.0,7040000000.0,0.0,7040000000.0,37021000000.0,17120000000.0,19901000000.0,79779765715.0,289000000.0,-281000000.0,-203000000.0,474000000.0,-375000000.0,-47000000.0,-468000000.0,0.0,836000000.0,-32000000.0,1426000000.0,1426000000.0,1426000000.0,0.0,5000000.0,0.224,1643000000.0,873000000.0,5322000000.0,0.288,2.976,20.446,20.489,8912000000.0,0.0,55.32,3.101,3.101,3175000000.0,26345000000.0,6355000000.0,6355000000.0,0.0,,,,,30000000.0,1466000000.0,1.0,1442150501.0,1442150501.0,,4.407,25788000000.0,696000000.0,-633000000.0,3232000000.0,17.882,-8490000000.0
8,MDLZ,MRQ,2019-06-30,2019-06-30,2019-06-30,2021-08-25,-10541000000.0,63573000000.0,,7836000000.0,55737000000.0,,18.115,-200000000.0,1248000000.0,1248000000.0,3593000000.0,804000000.0,0.44,1.433,19666000000.0,7455000000.0,12211000000.0,19666000000.0,0.0,259000000.0,0.0,0.019,0.26,1120000000.0,1379000000.0,0.227,1379000000.0,1120000000.0,1019000000.0,0.56,0.55,0.56,26093000000.0,,26093000000.0,95987488057.0,20.0,16.578,381000000.0,0.265,1.0,2469000000.0,0.407,38644000000.0,101000000.0,25549000000.0,,2731000000.0,7095000000.0,0.0,7095000000.0,37399000000.0,17798000000.0,19601000000.0,77639488057.0,-294000000.0,163000000.0,-294000000.0,-284000000.0,-376000000.0,-840000000.0,-44000000.0,0.0,581000000.0,9000000.0,803000000.0,803000000.0,803000000.0,0.0,1000000.0,0.132,1485000000.0,984000000.0,5312000000.0,0.464,2.975,21.155,21.389,9187000000.0,0.0,53.9,3.026,3.026,2891000000.0,25348000000.0,6062000000.0,6062000000.0,0.0,,,,,39000000.0,1427000000.0,1.0,1440435771.0,1440435771.0,,4.208,24929000000.0,263000000.0,216000000.0,3591000000.0,17.307,-9962000000.0
9,MDLZ,MRQ,2019-03-31,2019-03-31,2019-03-31,2021-08-25,-10498000000.0,64162000000.0,,8539000000.0,55623000000.0,,17.884,-265000000.0,1542000000.0,1542000000.0,3945000000.0,920000000.0,0.482,1.481,19890000000.0,6983000000.0,12907000000.0,19890000000.0,0.0,258000000.0,0.0,0.02,0.26,1183000000.0,1441000000.0,0.22,1441000000.0,1183000000.0,1103000000.0,0.63,0.63,0.63,25828000000.0,,25828000000.0,89364938894.0,21.0,17.212,200000000.0,0.138,1.0,2593000000.0,0.397,38644000000.0,80000000.0,26145000000.0,,2620000000.0,7004000000.0,0.0,7004000000.0,38253000000.0,17721000000.0,20532000000.0,72092938894.0,442000000.0,0.0,-646000000.0,1070000000.0,-380000000.0,201000000.0,-223000000.0,0.0,465000000.0,-1000000.0,914000000.0,914000000.0,914000000.0,0.0,6000000.0,0.14,1557000000.0,1036000000.0,5566000000.0,0.413,2.791,22.635,22.899,9156000000.0,0.0,49.92,2.804,2.804,3536000000.0,24954000000.0,6538000000.0,6538000000.0,0.0,,,,,32000000.0,1493000000.0,1.0,1444169449.0,1444169449.0,,4.527,25518000000.0,270000000.0,189000000.0,3546000000.0,17.67,-9182000000.0
10,MDLZ,MRQ,2018-12-31,2018-12-31,2018-12-31,2021-08-25,-10630000000.0,62729000000.0,,7604000000.0,55125000000.0,,17.634,-23000000.0,1100000000.0,1100000000.0,4224000000.0,762000000.0,0.454,1.444,18372000000.0,5840000000.0,12532000000.0,18372000000.0,0.0,198000000.0,0.0,0.024,0.26,976000000.0,1174000000.0,0.173,1174000000.0,976000000.0,870000000.0,0.52,0.51,0.52,25637000000.0,,25637000000.0,76888031662.0,17.0,14.183,2040000000.0,1.403,1.0,2549000000.0,0.376,38727000000.0,106000000.0,24537000000.0,,2592000000.0,7123000000.0,0.0,7123000000.0,37016000000.0,16737000000.0,20279000000.0,58197031662.0,-273000000.0,1000000.0,-370000000.0,-1630000000.0,-379000000.0,-2322000000.0,-22000000.0,0.0,2063000000.0,8000000.0,759000000.0,759000000.0,759000000.0,0.0,3000000.0,0.112,1679000000.0,870000000.0,5794000000.0,0.5,2.27,17.545,17.791,8482000000.0,0.0,40.03,2.244,2.244,3006000000.0,24491000000.0,6773000000.0,6773000000.0,0.0,,,,,36000000.0,1536000000.0,1.0,1453835415.0,1453835415.0,,4.659,24002000000.0,255000000.0,111000000.0,3552000000.0,16.509,-9133000000.0
11,MDLZ,MRQ,2018-09-30,2018-09-30,2018-09-30,2021-08-25,-10642000000.0,63918000000.0,,8722000000.0,55196000000.0,,17.358,-161000000.0,1373000000.0,1373000000.0,3874000000.0,1197000000.0,0.562,1.508,20064000000.0,5212000000.0,14852000000.0,20064000000.0,0.0,206000000.0,0.0,0.021,0.26,1590000000.0,1796000000.0,0.286,1796000000.0,1590000000.0,1504000000.0,0.81,0.81,0.81,25457000000.0,,25457000000.0,81468460517.0,18.0,15.003,542000000.0,0.37,1.0,2414000000.0,0.384,39036000000.0,86000000.0,28065000000.0,,2842000000.0,7006000000.0,0.0,7006000000.0,38386000000.0,15508000000.0,22878000000.0,63003460517.0,127000000.0,0.0,-473000000.0,370000000.0,-323000000.0,-396000000.0,-161000000.0,0.0,703000000.0,-19000000.0,1194000000.0,1194000000.0,1194000000.0,0.0,3000000.0,0.19,1677000000.0,737000000.0,5374000000.0,0.321,2.475,19.368,19.616,8403000000.0,0.0,42.96,2.411,2.411,3577000000.0,24075000000.0,6288000000.0,6288000000.0,0.0,,,,,25000000.0,1508000000.0,1.0,1466560999.0,1466560999.0,,4.288,24882000000.0,236000000.0,310000000.0,3558000000.0,16.966,-6786000000.0
12,MDLZ,MRQ,2018-06-30,2018-06-30,2018-06-30,2021-08-25,-10526000000.0,62974000000.0,,8202000000.0,54772000000.0,,17.086,-239000000.0,1246000000.0,1246000000.0,3572000000.0,320000000.0,0.553,1.495,19711000000.0,4854000000.0,14857000000.0,19711000000.0,0.0,200000000.0,0.0,0.021,0.22,581000000.0,781000000.0,0.128,781000000.0,581000000.0,333000000.0,0.22,0.21,0.22,25203000000.0,,25203000000.0,78135789722.0,18.0,15.276,536000000.0,0.363,1.0,2540000000.0,0.416,39364000000.0,248000000.0,27243000000.0,,2683000000.0,6223000000.0,0.0,6223000000.0,37687000000.0,14832000000.0,22855000000.0,60477789722.0,116000000.0,-528000000.0,-650000000.0,1105000000.0,-327000000.0,160000000.0,-767000000.0,0.0,775000000.0,-52000000.0,318000000.0,318000000.0,318000000.0,0.0,2000000.0,0.052,2059000000.0,481000000.0,5248000000.0,1.0,2.4,19.894,20.197,8384000000.0,0.0,41.0,2.293,2.293,3234000000.0,23305000000.0,6112000000.0,6112000000.0,0.0,,,,,39000000.0,1904000000.0,1.0,1475068042.0,1475068042.0,,4.144,23610000000.0,259000000.0,15000000.0,3395000000.0,16.006,-6630000000.0
13,MDLZ,MRQ,2018-03-31,2018-03-31,2018-03-31,2021-08-25,-9858000000.0,64503000000.0,,8370000000.0,56133000000.0,,17.785,-274000000.0,1130000000.0,1130000000.0,3916000000.0,1052000000.0,0.498,1.435,18788000000.0,5608000000.0,13180000000.0,18788000000.0,0.0,207000000.0,0.0,0.02,0.22,1463000000.0,1670000000.0,0.247,1670000000.0,1463000000.0,1383000000.0,0.7,0.7,0.7,26452000000.0,,26452000000.0,78957216886.0,18.0,15.083,133000000.0,0.089,1.0,2849000000.0,0.421,40111000000.0,80000000.0,25252000000.0,,2620000000.0,6347000000.0,0.0,6347000000.0,37953000000.0,16798000000.0,21155000000.0,62066216886.0,369000000.0,0.0,-527000000.0,994000000.0,-330000000.0,229000000.0,-274000000.0,0.0,407000000.0,7000000.0,1046000000.0,1046000000.0,1046000000.0,0.0,6000000.0,0.155,1625000000.0,1224000000.0,5727000000.0,0.314,2.346,19.275,19.5,8792000000.0,0.0,41.73,2.365,2.365,3954000000.0,23315000000.0,6765000000.0,6765000000.0,0.0,,,,,28000000.0,1527000000.0,1.0,1487328466.0,1487328466.0,,4.548,24392000000.0,301000000.0,337000000.0,3419000000.0,16.4,-8428000000.0
14,MDLZ,MRQ,2017-12-31,2017-12-31,2017-12-31,2021-08-25,-9997000000.0,62957000000.0,,7520000000.0,55437000000.0,,17.394,-261000000.0,761000000.0,761000000.0,4313000000.0,703000000.0,0.476,1.419,17652000000.0,4680000000.0,12972000000.0,17652000000.0,0.0,212000000.0,0.0,0.019,0.22,971000000.0,1183000000.0,0.17,1183000000.0,971000000.0,851000000.0,0.46,0.46,0.46,25994000000.0,,25994000000.0,81748831994.0,21.0,17.423,1535000000.0,1.027,1.0,2653000000.0,0.381,39724000000.0,120000000.0,24331000000.0,,2557000000.0,6193000000.0,0.0,6193000000.0,36883000000.0,15793000000.0,21090000000.0,63959831994.0,-83000000.0,88000000.0,-388000000.0,-1038000000.0,-329000000.0,-1713000000.0,-173000000.0,0.0,1796000000.0,7000000.0,695000000.0,695000000.0,695000000.0,0.0,8000000.0,0.1,1825000000.0,828000000.0,5705000000.0,0.478,2.461,22.617,22.888,8677000000.0,0.0,42.8,2.47,2.47,3526000000.0,22631000000.0,6966000000.0,6966000000.0,0.0,,,,,33000000.0,1662000000.0,1.0,1494388598.0,1494388598.0,,4.661,23233000000.0,319000000.0,156000000.0,3341000000.0,15.547,-8273000000.0
15,MDLZ,MRQ,2017-09-30,2017-09-30,2017-09-30,2021-08-25,-9917000000.0,63291000000.0,,8155000000.0,55136000000.0,,17.266,-189000000.0,844000000.0,844000000.0,3981000000.0,982000000.0,0.509,1.429,18633000000.0,5715000000.0,12918000000.0,18633000000.0,0.0,209000000.0,0.0,0.019,0.22,1272000000.0,1481000000.0,0.227,1481000000.0,1272000000.0,1253000000.0,0.65,0.64,0.65,26031000000.0,,26031000000.0,78684639594.0,23.0,18.54,346000000.0,0.229,1.0,2549000000.0,0.39,39709000000.0,19000000.0,25336000000.0,,2781000000.0,6060000000.0,0.0,6060000000.0,37192000000.0,16035000000.0,21157000000.0,61300639594.0,-553000000.0,347000000.0,-717000000.0,-278000000.0,-288000000.0,-1272000000.0,158000000.0,0.0,535000000.0,26000000.0,981000000.0,981000000.0,981000000.0,0.0,1000000.0,0.15,1565000000.0,984000000.0,5139000000.0,0.338,2.355,28.145,28.236,8538000000.0,0.0,40.66,2.385,2.385,3913000000.0,22296000000.0,6530000000.0,6530000000.0,0.0,,,,,27000000.0,1338000000.0,1.0,1507639931.0,1507639931.0,,4.331,23582000000.0,332000000.0,272000000.0,4664000000.0,15.642,-7880000000.0
16,MDLZ,MRQ,2017-06-30,2017-06-30,2017-06-30,2021-08-25,-10217000000.0,62757000000.0,,8193000000.0,54564000000.0,,16.951,-168000000.0,1397000000.0,1397000000.0,3672000000.0,500000000.0,0.526,1.437,18781000000.0,5555000000.0,13226000000.0,18781000000.0,0.0,195000000.0,0.0,0.018,0.19,706000000.0,901000000.0,0.151,901000000.0,706000000.0,582000000.0,0.33,0.32,0.33,25720000000.0,,25720000000.0,82598244249.0,29.0,22.306,651000000.0,0.429,1.0,2314000000.0,0.387,39429000000.0,124000000.0,25149000000.0,,2710000000.0,5853000000.0,0.0,5853000000.0,36965000000.0,15563000000.0,21402000000.0,65531244249.0,90000000.0,169000000.0,-608000000.0,49000000.0,-289000000.0,-754000000.0,1000000.0,0.0,819000000.0,24000000.0,498000000.0,498000000.0,498000000.0,0.0,2000000.0,0.083,1675000000.0,639000000.0,5012000000.0,0.576,2.548,37.554,37.886,8444000000.0,0.0,43.19,2.563,2.563,3308000000.0,21648000000.0,5986000000.0,5986000000.0,0.0,,,,,38000000.0,1455000000.0,1.0,1517278172.0,1517278172.0,,3.945,23328000000.0,347000000.0,84000000.0,4587000000.0,15.375,-7370000000.0
17,MDLZ,MRQ,2017-03-31,2017-03-31,2017-03-31,2021-08-25,-10564000000.0,62076000000.0,,8415000000.0,53661000000.0,,16.807,-287000000.0,1307000000.0,1307000000.0,3896000000.0,633000000.0,0.559,1.417,18374000000.0,5468000000.0,12906000000.0,18374000000.0,0.0,200000000.0,0.0,0.017,0.19,903000000.0,1103000000.0,0.172,1103000000.0,903000000.0,784000000.0,0.41,0.41,0.41,25658000000.0,,25658000000.0,81224452241.0,28.0,21.741,-844000000.0,-0.553,1.0,2518000000.0,0.393,38812000000.0,119000000.0,25274000000.0,,2603000000.0,5594000000.0,0.0,5594000000.0,36357000000.0,15057000000.0,21300000000.0,65766452241.0,-434000000.0,0.0,-461000000.0,1071000000.0,-292000000.0,378000000.0,-287000000.0,0.0,-557000000.0,32000000.0,630000000.0,630000000.0,630000000.0,0.0,3000000.0,0.098,1693000000.0,825000000.0,4897000000.0,0.463,2.563,38.437,38.811,8377000000.0,0.0,43.08,2.541,2.541,3864000000.0,21468000000.0,6414000000.0,6414000000.0,0.0,,,,,39000000.0,1483000000.0,1.0,1526612169.0,1526612169.0,,4.201,23264000000.0,359000000.0,154000000.0,4676000000.0,15.239,-6642000000.0
18,MDLZ,MRQ,2016-12-31,2016-12-31,2016-12-31,2021-08-25,-11122000000.0,61538000000.0,,8480000000.0,53058000000.0,,16.292,-290000000.0,1741000000.0,1741000000.0,4205000000.0,69000000.0,0.588,1.444,17199000000.0,3982000000.0,13217000000.0,17199000000.0,0.0,208000000.0,0.0,0.016,0.19,551000000.0,759000000.0,0.112,759000000.0,551000000.0,-24000000.0,0.05,0.05,0.05,25161000000.0,,25161000000.0,83883770971.0,29.0,22.751,1410000000.0,0.913,1.0,2565000000.0,0.379,38377000000.0,575000000.0,24202000000.0,,2469000000.0,5585000000.0,0.0,5585000000.0,36323000000.0,14417000000.0,21906000000.0,68463770971.0,55000000.0,-218000000.0,-874000000.0,88000000.0,-293000000.0,-1032000000.0,-508000000.0,0.0,1700000000.0,-105000000.0,69000000.0,69000000.0,69000000.0,0.0,0.0,0.01,2082000000.0,483000000.0,5318000000.0,3.8,2.721,41.874,42.219,8229000000.0,0.0,44.33,2.641,2.641,3470000000.0,21149000000.0,6770000000.0,6770000000.0,0.0,,,,,38000000.0,1711000000.0,1.0,1544411707.0,1544411707.0,,4.384,23161000000.0,358000000.0,-93000000.0,4721000000.0,14.997,-5937000000.0
19,MDLZ,MRQ,2016-09-30,2016-09-30,2016-09-30,2021-08-25,-9699000000.0,63265000000.0,,8855000000.0,54410000000.0,,17.685,-291000000.0,1686000000.0,1686000000.0,3908000000.0,548000000.0,0.634,1.297,17106000000.0,4001000000.0,13105000000.0,17106000000.0,0.0,207000000.0,0.0,0.016,0.19,733000000.0,940000000.0,0.147,940000000.0,733000000.0,588000000.0,0.35,0.35,0.35,27509000000.0,,27509000000.0,83812987290.0,46.0,31.497,510000000.0,0.328,1.0,2488000000.0,0.389,39472000000.0,145000000.0,25256000000.0,,2776000000.0,5717000000.0,0.0,5717000000.0,35688000000.0,13957000000.0,21731000000.0,68287987290.0,-69000000.0,275000000.0,-415000000.0,-207000000.0,-264000000.0,-858000000.0,-16000000.0,0.0,801000000.0,4000000.0,548000000.0,548000000.0,548000000.0,0.0,0.0,0.086,1786000000.0,702000000.0,4884000000.0,0.543,2.482,81.587,75.69,8465000000.0,0.0,43.9,2.575,2.575,3914000000.0,21366000000.0,6396000000.0,6396000000.0,0.0,,,,,30000000.0,1552000000.0,1.0,1555535018.0,1555535018.0,,4.112,23793000000.0,289000000.0,40000000.0,4762000000.0,15.296,-5102000000.0
20,MDLZ,MRQ,2016-06-30,2016-06-30,2016-06-30,2021-08-25,-9768000000.0,63271000000.0,,8979000000.0,54292000000.0,,17.778,-189000000.0,1755000000.0,1755000000.0,3786000000.0,471000000.0,0.691,1.29,17280000000.0,3702000000.0,13578000000.0,17280000000.0,0.0,201000000.0,0.0,0.015,0.17,733000000.0,934000000.0,0.148,934000000.0,733000000.0,582000000.0,0.3,0.29,0.3,27592000000.0,,27592000000.0,86695282138.0,10.0,8.979,602000000.0,0.388,1.0,2516000000.0,0.399,39522000000.0,151000000.0,26278000000.0,,2713000000.0,5618000000.0,0.0,5618000000.0,35595000000.0,12996000000.0,22599000000.0,70634282138.0,417000000.0,0.0,-125000000.0,116000000.0,-268000000.0,-179000000.0,-189000000.0,0.0,791000000.0,-6000000.0,464000000.0,464000000.0,464000000.0,0.0,7000000.0,0.074,1878000000.0,638000000.0,4562000000.0,0.567,2.56,9.349,9.581,8425000000.0,0.0,45.51,2.619,2.619,3919000000.0,21127000000.0,6302000000.0,6302000000.0,0.0,,,,,42000000.0,1668000000.0,1.0,1552060693.0,1552060693.0,,4.06,23749000000.0,270000000.0,118000000.0,4801000000.0,15.302,-4017000000.0
21,MDLZ,MRQ,2016-03-31,2016-03-31,2016-03-31,2021-08-25,-9381000000.0,63975000000.0,,9009000000.0,54966000000.0,,17.701,-316000000.0,1338000000.0,1338000000.0,3920000000.0,557000000.0,0.684,1.3,17399000000.0,3599000000.0,13800000000.0,17399000000.0,0.0,207000000.0,0.0,0.016,0.17,847000000.0,1054000000.0,0.163,1054000000.0,847000000.0,603000000.0,0.35,0.35,0.35,27770000000.0,,27770000000.0,76470593552.0,9.0,7.83,-770000000.0,-0.491,1.0,2535000000.0,0.393,40071000000.0,244000000.0,26787000000.0,,2756000000.0,5630000000.0,0.0,5630000000.0,36113000000.0,13178000000.0,22935000000.0,62942593552.0,-532000000.0,0.0,-1187000000.0,1707000000.0,-269000000.0,207000000.0,-316000000.0,0.0,-454000000.0,31000000.0,554000000.0,554000000.0,554000000.0,0.0,3000000.0,0.086,1813000000.0,722000000.0,4779000000.0,0.486,2.267,8.396,8.536,8534000000.0,0.0,40.12,2.222,2.222,4325000000.0,20970000000.0,6455000000.0,6455000000.0,0.0,,,,,30000000.0,1615000000.0,1.0,1568858264.0,1568858264.0,,4.114,23904000000.0,281000000.0,49000000.0,4738000000.0,15.237,-4169000000.0
22,MDLZ,MRQ,2015-12-31,2015-12-31,2015-12-31,2021-08-25,-9986000000.0,62843000000.0,,8958000000.0,53885000000.0,,17.627,-309000000.0,1870000000.0,1870000000.0,4529000000.0,-716000000.0,0.82,1.24,15398000000.0,841000000.0,14557000000.0,15398000000.0,0.0,231000000.0,0.0,0.014,0.17,-498000000.0,-267000000.0,-0.036,-267000000.0,-498000000.0,-697000000.0,-0.42,-0.42,-0.42,28012000000.0,,28012000000.0,85578269983.0,10.0,8.762,2007000000.0,1.263,1.0,2835000000.0,0.385,39432000000.0,199000000.0,26017000000.0,,2609000000.0,5387000000.0,0.0,5387000000.0,34743000000.0,10922000000.0,23821000000.0,71258269983.0,-169000000.0,-502000000.0,-619000000.0,-741000000.0,-272000000.0,-1613000000.0,-811000000.0,0.0,2316000000.0,-61000000.0,-729000000.0,-729000000.0,-729000000.0,0.0,13000000.0,-0.099,3079000000.0,-244000000.0,4890000000.0,-0.405,2.544,9.806,9.987,8362000000.0,0.0,44.84,2.404,2.404,3846000000.0,20700000000.0,7364000000.0,7364000000.0,0.0,,,,,38000000.0,1902000000.0,1.0,1589167484.0,1589167484.0,,4.634,23411000000.0,277000000.0,32000000.0,4750000000.0,14.732,-1964000000.0
23,MDLZ,MRQ,2015-09-30,2015-09-30,2015-09-30,2021-08-25,-9609000000.0,66390000000.0,,12174000000.0,54216000000.0,,18.537,-355000000.0,2039000000.0,2039000000.0,4179000000.0,7268000000.0,0.893,1.22,16359000000.0,3330000000.0,13029000000.0,16359000000.0,0.0,206000000.0,0.0,0.015,0.17,7728000000.0,7934000000.0,1.158,7934000000.0,7728000000.0,7614000000.0,4.52,4.46,4.52,29868000000.0,,29868000000.0,84779978670.0,9.0,7.794,486000000.0,0.302,1.0,2670000000.0,0.39,40078000000.0,114000000.0,26995000000.0,,3029000000.0,4895000000.0,0.0,4895000000.0,36438000000.0,13637000000.0,22801000000.0,67400978670.0,-361000000.0,3232000000.0,-871000000.0,-2893000000.0,-241000000.0,-3973000000.0,2877000000.0,0.0,841000000.0,-106000000.0,7266000000.0,7266000000.0,7266000000.0,0.0,2000000.0,1.061,1990000000.0,680000000.0,4875000000.0,0.038,2.257,7.933,7.937,8564000000.0,0.0,41.83,2.167,2.167,5918000000.0,21707000000.0,6849000000.0,6849000000.0,0.0,,,,,32000000.0,1790000000.0,1.0,1611307164.0,1611307164.0,,4.251,26312000000.0,550000000.0,348000000.0,5137000000.0,16.33,-1463000000.0
24,MDLZ,MRQ,2015-06-30,2015-06-30,2015-06-30,2021-08-25,-8692000000.0,65118000000.0,,11888000000.0,53230000000.0,,15.151,-349000000.0,1958000000.0,1958000000.0,4595000000.0,427000000.0,0.708,1.639,19337000000.0,6247000000.0,13090000000.0,19337000000.0,0.0,225000000.0,0.0,0.015,0.15,820000000.0,1045000000.0,0.136,1045000000.0,820000000.0,506000000.0,0.25,0.25,0.25,24645000000.0,,24645000000.0,83789257014.0,27.0,20.648,504000000.0,0.31,1.0,3066000000.0,0.4,40732000000.0,314000000.0,24977000000.0,,3000000000.0,0.0,0.0,0.0,40384000000.0,16788000000.0,23596000000.0,66919257014.0,565000000.0,515000000.0,-632000000.0,348000000.0,-246000000.0,-482000000.0,166000000.0,0.0,853000000.0,28000000.0,406000000.0,406000000.0,406000000.0,0.0,21000000.0,0.053,2238000000.0,828000000.0,4499000000.0,0.6,2.715,31.432,32.141,8728000000.0,0.0,41.14,2.053,2.053,4249000000.0,14725000000.0,7661000000.0,7661000000.0,0.0,,,,,30000000.0,1961000000.0,1.0,1626622679.0,1626622679.0,,4.71,24386000000.0,569000000.0,100000000.0,5289000000.0,14.992,-4900000000.0
25,MDLZ,MRQ,2015-03-31,2015-03-31,2015-03-31,2021-08-25,-9208000000.0,64206000000.0,,11864000000.0,52342000000.0,,14.881,-441000000.0,1835000000.0,1835000000.0,4821000000.0,312000000.0,0.721,1.613,18705000000.0,5883000000.0,12822000000.0,18705000000.0,0.0,232000000.0,0.0,0.016,0.15,823000000.0,1055000000.0,0.136,1055000000.0,823000000.0,437000000.0,0.2,0.19,0.2,24546000000.0,,24546000000.0,74598739985.0,23.0,17.673,-723000000.0,-0.438,1.0,2941000000.0,0.379,41790000000.0,386000000.0,22820000000.0,,3421000000.0,0.0,0.0,0.0,39594000000.0,16466000000.0,23128000000.0,59529739985.0,204000000.0,858000000.0,-1500000000.0,1907000000.0,-249000000.0,185000000.0,417000000.0,0.0,-282000000.0,-116000000.0,324000000.0,324000000.0,324000000.0,0.0,-12000000.0,0.042,2130000000.0,811000000.0,5199000000.0,0.75,2.425,25.386,25.779,9261000000.0,0.0,36.09,1.784,1.784,4913000000.0,14582000000.0,7762000000.0,7762000000.0,0.0,,,,,36000000.0,1924000000.0,1.0,1649480188.0,1649480188.0,,4.706,22416000000.0,557000000.0,113000000.0,5373000000.0,13.59,-4602000000.0
26,MDLZ,MRQ,2014-12-31,2014-12-31,2014-12-31,2021-08-25,-7318000000.0,66771000000.0,,11750000000.0,55021000000.0,,16.519,-535000000.0,1631000000.0,1631000000.0,5684000000.0,507000000.0,0.839,1.402,16656000000.0,2835000000.0,13821000000.0,16656000000.0,0.0,262000000.0,0.0,0.016,0.15,582000000.0,844000000.0,0.096,844000000.0,582000000.0,611000000.0,0.3,0.3,0.3,27750000000.0,,27750000000.0,77198209150.0,24.0,18.02,1878000000.0,1.118,1.0,3146000000.0,0.356,43724000000.0,-29000000.0,24065000000.0,,3480000000.0,662000000.0,0.0,662000000.0,38918000000.0,14007000000.0,24911000000.0,61023209150.0,12000000.0,-7000000.0,-680000000.0,-876000000.0,-251000000.0,-1776000000.0,-542000000.0,0.0,2413000000.0,-83000000.0,500000000.0,500000000.0,500000000.0,0.0,7000000.0,0.057,2557000000.0,589000000.0,5299000000.0,0.5,2.199,27.941,28.159,9827000000.0,0.0,36.325,1.782,1.782,4751000000.0,14529000000.0,8830000000.0,8830000000.0,0.0,,,,,37000000.0,2101000000.0,1.0,1679923170.0,1679923170.0,,5.256,23047000000.0,480000000.0,111000000.0,5512000000.0,13.719,-2257000000.0
27,MDLZ,MRQ,2014-09-30,2014-09-30,2014-09-30,2021-08-25,-4584000000.0,69967000000.0,,12846000000.0,57121000000.0,,18.295,-402000000.0,1704000000.0,1704000000.0,5195000000.0,902000000.0,0.879,1.265,17879000000.0,3891000000.0,13988000000.0,17879000000.0,0.0,264000000.0,0.0,0.017,0.15,850000000.0,1114000000.0,0.134,1114000000.0,850000000.0,1077000000.0,0.53,0.53,0.53,30844000000.0,,30844000000.0,74175965341.0,14.0,11.746,379000000.0,0.225,1.0,3142000000.0,0.377,45509000000.0,-227000000.0,26018000000.0,,4122000000.0,0.0,0.0,0.0,39011000000.0,14615000000.0,24396000000.0,57766965341.0,-461000000.0,0.0,-300000000.0,-253000000.0,-237000000.0,-739000000.0,-402000000.0,0.0,781000000.0,-101000000.0,899000000.0,899000000.0,899000000.0,0.0,3000000.0,0.108,2289000000.0,853000000.0,5184000000.0,0.283,1.873,16.744,17.133,10152000000.0,0.0,34.265,1.655,1.655,5352000000.0,14298000000.0,8337000000.0,8337000000.0,0.0,,,,,36000000.0,2053000000.0,1.0,1685888380.0,1685888380.0,,4.945,24458000000.0,433000000.0,178000000.0,5753000000.0,14.507,-1769000000.0
28,MDLZ,MRQ,2014-06-30,2014-06-30,2014-06-30,2021-08-25,-2760000000.0,72680000000.0,,13100000000.0,59580000000.0,,19.077,-381000000.0,2132000000.0,2132000000.0,5331000000.0,642000000.0,0.878,1.248,18541000000.0,4286000000.0,14255000000.0,18541000000.0,0.0,271000000.0,0.0,0.015,0.14,937000000.0,1208000000.0,0.143,1208000000.0,937000000.0,713000000.0,0.37,0.36,0.37,32268000000.0,,32268000000.0,80143042616.0,14.0,11.903,564000000.0,0.333,1.0,3105000000.0,0.368,47593000000.0,224000000.0,26581000000.0,,4088000000.0,0.0,0.0,0.0,40273000000.0,14915000000.0,25358000000.0,63616042616.0,-251000000.0,0.0,-252000000.0,-385000000.0,-238000000.0,-803000000.0,-381000000.0,0.0,945000000.0,-12000000.0,622000000.0,622000000.0,622000000.0,0.0,20000000.0,0.074,2148000000.0,957000000.0,5303000000.0,0.378,1.971,17.855,18.436,10483000000.0,0.0,37.61,1.816,1.816,5533000000.0,13666000000.0,8436000000.0,8436000000.0,0.0,,,,,33000000.0,2038000000.0,1.0,1691466169.0,1691466169.0,,4.987,25087000000.0,570000000.0,91000000.0,6086000000.0,14.832,-1815000000.0
29,MDLZ,MRQ,2014-03-31,2014-03-31,2014-03-31,2021-08-25,-3116000000.0,72960000000.0,,13702000000.0,59258000000.0,,18.606,-317000000.0,2422000000.0,2422000000.0,5437000000.0,150000000.0,0.894,1.301,18949000000.0,4177000000.0,14772000000.0,18949000000.0,0.0,262000000.0,0.0,0.016,0.14,856000000.0,1118000000.0,0.129,1118000000.0,856000000.0,136000000.0,0.1,0.09,0.1,31649000000.0,,31649000000.0,73225730681.0,13.0,11.003,-894000000.0,-0.526,1.0,3204000000.0,0.371,47400000000.0,720000000.0,26762000000.0,,4027000000.0,0.0,0.0,0.0,41184000000.0,15325000000.0,25859000000.0,58768730681.0,-291000000.0,0.0,-468000000.0,1296000000.0,-238000000.0,630000000.0,-317000000.0,0.0,-577000000.0,-27000000.0,163000000.0,163000000.0,163000000.0,0.0,-13000000.0,0.019,2361000000.0,843000000.0,5372000000.0,1.4,1.857,16.592,17.189,10242000000.0,0.0,34.55,1.67,1.67,5900000000.0,13315000000.0,8641000000.0,8641000000.0,0.0,,,,,35000000.0,2265000000.0,1.0,1700976286.0,1700976286.0,,5.08,25560000000.0,517000000.0,-27000000.0,6202000000.0,15.027,-1623000000.0
30,MDLZ,MRQ,2013-12-31,2013-12-31,2013-12-31,2021-08-25,-2889000000.0,72515000000.0,,13174000000.0,59341000000.0,,18.459,-451000000.0,2622000000.0,2622000000.0,5995000000.0,1773000000.0,0.918,1.235,17079000000.0,2597000000.0,14482000000.0,17079000000.0,0.0,269000000.0,0.0,0.015,0.14,2606000000.0,2875000000.0,0.303,2875000000.0,2606000000.0,1759000000.0,1.0,0.99,1.0,32373000000.0,,32373000000.0,78135699880.0,14.0,11.783,4761000000.0,2.715,1.0,3493000000.0,0.368,47591000000.0,847000000.0,25027000000.0,,3743000000.0,0.0,0.0,0.0,39983000000.0,14354000000.0,25629000000.0,61908699880.0,-1070000000.0,12000000.0,-2107000000.0,-3486000000.0,-247000000.0,-5806000000.0,-468000000.0,0.0,5212000000.0,-8000000.0,1766000000.0,1766000000.0,1766000000.0,-1603000000.0,7000000.0,0.186,2513000000.0,980000000.0,5345000000.0,0.14,1.912,15.813,15.973,10247000000.0,0.0,35.3,1.754,1.754,5403000000.0,13419000000.0,9488000000.0,9488000000.0,0.0,,,,,30000000.0,2294000000.0,1.0,1753787532.0,1753787532.0,,5.41,24924000000.0,517000000.0,-7000000.0,6282000000.0,14.212,-1180000000.0
31,MDLZ,MRQ,2013-09-30,2013-09-30,2013-09-30,2021-08-25,-3318000000.0,74859000000.0,,15463000000.0,59396000000.0,,18.163,-460000000.0,3692000000.0,3692000000.0,5328000000.0,1018000000.0,1.013,1.31,19919000000.0,4830000000.0,15089000000.0,19919000000.0,0.0,276000000.0,0.0,0.017,0.14,1256000000.0,1532000000.0,0.181,1532000000.0,1256000000.0,1038000000.0,0.57,0.56,0.57,32343000000.0,,32343000000.0,71535294760.0,18.0,14.399,320000000.0,0.18,1.0,3144000000.0,0.371,47790000000.0,218000000.0,28027000000.0,,4161000000.0,0.0,0.0,0.0,42367000000.0,15269000000.0,27098000000.0,55950294760.0,1216000000.0,0.0,-701000000.0,1762000000.0,-232000000.0,847000000.0,-433000000.0,0.0,780000000.0,22000000.0,1012000000.0,1012000000.0,1012000000.0,0.0,6000000.0,0.119,1882000000.0,1262000000.0,4533000000.0,0.246,1.73,20.555,20.403,10085000000.0,0.0,31.421,1.585,1.585,6245000000.0,11878000000.0,8472000000.0,8472000000.0,0.0,,,,,30000000.0,1784000000.0,1.0,1780665630.0,1780665630.0,,4.758,27069000000.0,527000000.0,26000000.0,6218000000.0,15.202,194000000.0
32,MDLZ,MRQ,2013-06-30,2013-06-30,2013-06-30,2021-08-25,-4182000000.0,71823000000.0,,13738000000.0,58085000000.0,,17.6,-333000000.0,2476000000.0,2476000000.0,5364000000.0,602000000.0,1.046,1.282,18061000000.0,3075000000.0,14986000000.0,18061000000.0,0.0,266000000.0,0.0,0.024,0.13,864000000.0,1130000000.0,0.131,1130000000.0,864000000.0,629000000.0,0.34,0.33,0.34,31407000000.0,,31407000000.0,66652433705.0,17.0,13.056,470000000.0,0.263,1.0,3231000000.0,0.376,47050000000.0,235000000.0,27225000000.0,,3937000000.0,0.0,0.0,0.0,40274000000.0,13133000000.0,27141000000.0,50910433705.0,-283000000.0,48000000.0,-92000000.0,-440000000.0,-232000000.0,-735000000.0,-284000000.0,0.0,803000000.0,-67000000.0,601000000.0,601000000.0,601000000.0,0.0,1000000.0,0.07,2366000000.0,865000000.0,4316000000.0,0.382,1.621,21.554,21.291,9703000000.0,0.0,28.53,1.448,1.448,5989000000.0,11117000000.0,8595000000.0,8595000000.0,0.0,,,,,35000000.0,2269000000.0,1.0,1784452636.0,1784452636.0,,4.817,24773000000.0,478000000.0,28000000.0,6084000000.0,13.883,605000000.0
33,MDLZ,MRQ,2013-03-31,2013-03-31,2013-03-31,2021-08-25,-3354000000.0,73298000000.0,,14295000000.0,59003000000.0,,17.924,-235000000.0,2759000000.0,2759000000.0,5502000000.0,542000000.0,1.032,1.295,18501000000.0,3531000000.0,14970000000.0,18501000000.0,0.0,266000000.0,0.0,0.027,0.13,828000000.0,1094000000.0,0.125,1094000000.0,828000000.0,549000000.0,0.3,0.3,0.3,31874000000.0,,31874000000.0,69392273006.0,15.0,11.958,-620000000.0,-0.349,1.0,3242000000.0,0.371,47782000000.0,279000000.0,27411000000.0,,3849000000.0,0.0,0.0,0.0,41280000000.0,13847000000.0,27433000000.0,54442273006.0,-1716000000.0,-64000000.0,0.0,-812000000.0,-232000000.0,-993000000.0,-298000000.0,0.0,-385000000.0,-40000000.0,536000000.0,536000000.0,536000000.0,0.0,6000000.0,0.061,2408000000.0,834000000.0,4378000000.0,0.433,1.708,19.513,19.377,9845000000.0,0.0,30.615,1.551,1.551,6265000000.0,10756000000.0,8744000000.0,8744000000.0,0.0,,,,,33000000.0,2332000000.0,1.0,1778287539.0,1778287539.0,,4.917,25516000000.0,545000000.0,13000000.0,6293000000.0,14.349,448000000.0
34,MDLZ,MRQ,2012-12-31,2012-12-31,2012-12-31,2021-08-25,-2666000000.0,75477000000.0,,15673000000.0,59804000000.0,,18.162,-248000000.0,4475000000.0,4475000000.0,5945000000.0,582000000.0,1.054,1.334,19425000000.0,3851000000.0,15574000000.0,19425000000.0,0.0,280000000.0,0.0,0.039,0.13,932000000.0,1212000000.0,0.128,1212000000.0,932000000.0,637000000.0,0.33,0.31,0.33,32276000000.0,,32276000000.0,70865580150.0,14.0,10.999,1500000000.0,0.844,1.0,3550000000.0,0.374,48292000000.0,295000000.0,27265000000.0,,3741000000.0,0.0,0.0,0.0,43061000000.0,14870000000.0,28191000000.0,45232580150.0,602000000.0,-210000000.0,0.0,-139000000.0,-516000000.0,-624000000.0,-558000000.0,0.0,1748000000.0,36000000.0,573000000.0,573000000.0,573000000.0,18000000.0,9000000.0,0.06,2591000000.0,959000000.0,4642000000.0,0.394,1.401,14.748,14.713,10010000000.0,0.0,25.453,1.292,1.292,6129000000.0,10551000000.0,9495000000.0,9495000000.0,0.0,,,,,27000000.0,2575000000.0,1.0,1777088152.0,1777088152.0,,5.343,27185000000.0,593000000.0,64000000.0,6235000000.0,15.297,803000000.0
35,MDLZ,MRQ,2012-09-30,2012-09-30,2012-09-30,2021-08-25,-6559000000.0,97779000000.0,,19517000000.0,78262000000.0,,20.596,-489000000.0,3873000000.0,3873000000.0,5206000000.0,659000000.0,1.232,1.672,29506000000.0,2183000000.0,27323000000.0,29506000000.0,0.0,356000000.0,0.0,0.028,0.29,1313000000.0,1669000000.0,0.2,1669000000.0,1313000000.0,576000000.0,0.37,0.36,0.37,36551000000.0,,36551000000.0,98987730030.0,23.0,17.23,478000000.0,0.269,1.0,3120000000.0,0.375,62727000000.0,737000000.0,44840000000.0,,6429000000.0,0.0,0.0,0.0,61101000000.0,15845000000.0,45256000000.0,73381730030.0,-770000000.0,0.0,0.0,-784000000.0,-517000000.0,-1298000000.0,-485000000.0,0.0,967000000.0,46000000.0,652000000.0,652000000.0,652000000.0,-482000000.0,7000000.0,0.078,2282000000.0,838000000.0,5499000000.0,0.784,2.008,21.898,21.878,14049000000.0,0.0,41.35,3.389,3.389,7110000000.0,18921000000.0,8326000000.0,8326000000.0,0.0,,,,,42000000.0,2215000000.0,1.0,1774648852.0,1774648852.0,,4.692,35052000000.0,1074000000.0,-76000000.0,6749000000.0,19.752,3672000000.0
36,MDLZ,MRQ,2012-06-30,2012-06-30,2012-06-30,2021-08-25,-6684000000.0,97114000000.0,,19831000000.0,77283000000.0,,20.38,-405000000.0,4643000000.0,4643000000.0,5316000000.0,1034000000.0,1.235,1.684,30249000000.0,2168000000.0,28081000000.0,30249000000.0,0.0,352000000.0,0.0,0.03,0.29,1476000000.0,1828000000.0,0.214,1828000000.0,1476000000.0,1132000000.0,0.58,0.58,0.58,36133000000.0,,36133000000.0,94961800190.0,20.0,15.456,1654000000.0,0.933,1.0,3211000000.0,0.377,62128000000.0,344000000.0,44538000000.0,,6165000000.0,0.0,0.0,0.0,60866000000.0,16054000000.0,44812000000.0,68472800190.0,2791000000.0,0.0,0.0,1999000000.0,-511000000.0,1209000000.0,-400000000.0,0.0,2059000000.0,-77000000.0,1029000000.0,1029000000.0,1029000000.0,-544000000.0,5000000.0,0.121,2274000000.0,937000000.0,5161000000.0,0.5,1.895,18.91,18.931,13757000000.0,0.0,38.62,2.579,2.579,6642000000.0,18800000000.0,8527000000.0,8527000000.0,0.0,,,,,44000000.0,2194000000.0,1.0,1772988094.0,1772988094.0,,4.809,34986000000.0,1245000000.0,103000000.0,6807000000.0,19.733,3777000000.0
37,MDLZ,MRQ,2012-03-31,2012-03-31,2012-03-31,2021-08-25,-5242000000.0,96647000000.0,,17693000000.0,78954000000.0,,20.905,-335000000.0,1852000000.0,1852000000.0,5472000000.0,819000000.0,0.917,1.611,28341000000.0,5143000000.0,23198000000.0,28341000000.0,0.0,357000000.0,0.0,0.031,0.29,1377000000.0,1734000000.0,0.2,1734000000.0,1377000000.0,890000000.0,0.46,0.46,0.46,36965000000.0,,36965000000.0,92167613148.0,18.0,14.197,-1186000000.0,-0.671,1.0,3195000000.0,0.369,63542000000.0,487000000.0,40296000000.0,,6286000000.0,0.0,0.0,0.0,59556000000.0,19298000000.0,40258000000.0,67210613148.0,-122000000.0,0.0,0.0,1297000000.0,-514000000.0,917000000.0,-244000000.0,0.0,-851000000.0,56000000.0,813000000.0,813000000.0,813000000.0,-480000000.0,6000000.0,0.094,2292000000.0,903000000.0,5545000000.0,0.63,1.818,18.837,18.91,14084000000.0,0.0,38.01,2.107,2.107,7314000000.0,18298000000.0,8667000000.0,8667000000.0,0.0,,,,,49000000.0,2192000000.0,1.0,1768235021.0,1768235021.0,,4.901,33105000000.0,980000000.0,77000000.0,6901000000.0,18.722,-1605000000.0
38,MDLZ,MRQ,2011-12-31,2011-12-31,2011-12-31,2021-08-25,-6637000000.0,93837000000.0,,16202000000.0,77635000000.0,,19.933,-484000000.0,1974000000.0,1974000000.0,-2845000000.0,869000000.0,0.878,1.661,26931000000.0,3836000000.0,23095000000.0,26931000000.0,0.0,368000000.0,0.0,0.031,0.29,146000000.0,514000000.0,-0.133,514000000.0,146000000.0,-160000000.0,0.48,0.49,0.48,35217000000.0,,35217000000.0,92907730909.0,18.0,13.717,2371000000.0,1.342,1.0,-1022000000.0,0.264,62483000000.0,306000000.0,37866000000.0,,5706000000.0,0.0,0.0,0.0,58509000000.0,18445000000.0,40064000000.0,66005730909.0,-2000000.0,0.0,0.0,-1813000000.0,-508000000.0,-2332000000.0,-484000000.0,0.0,2855000000.0,-41000000.0,857000000.0,857000000.0,857000000.0,-1810000000.0,12000000.0,-0.222,630000000.0,-1652000000.0,5525000000.0,0.604,1.874,18.572,18.587,13813000000.0,0.0,37.36,1.843,1.843,6361000000.0,18012000000.0,-3867000000.0,-3867000000.0,0.0,,,,,44000000.0,575000000.0,1.0,1766748686.0,1766748686.0,,-2.189,31354000000.0,912000000.0,-1017000000.0,6738000000.0,17.747,-2243000000.0
39,MDLZ,MRQ,2011-09-30,2011-09-30,2011-09-30,2021-08-25,-4864000000.0,95832000000.0,,17329000000.0,78503000000.0,,20.719,-619000000.0,1976000000.0,1976000000.0,8611000000.0,927000000.0,0.851,1.616,28878000000.0,5739000000.0,23139000000.0,28878000000.0,0.0,375000000.0,0.0,0.035,0.29,1693000000.0,2068000000.0,0.156,2068000000.0,1693000000.0,1268000000.0,0.52,0.52,0.52,36592000000.0,,36592000000.0,86618865102.0,17.0,13.192,750000000.0,0.425,1.0,4615000000.0,0.349,63008000000.0,425000000.0,39366000000.0,,6399000000.0,0.0,0.0,0.0,59132000000.0,20360000000.0,38772000000.0,59305865102.0,-291000000.0,0.0,0.0,-325000000.0,-518000000.0,-883000000.0,-619000000.0,0.0,1369000000.0,-158000000.0,922000000.0,922000000.0,922000000.0,0.0,5000000.0,0.07,2917000000.0,1698000000.0,5293000000.0,0.558,1.621,18.321,18.35,13856000000.0,0.0,33.58,1.66,1.66,6835000000.0,17695000000.0,13226000000.0,13226000000.0,0.0,,,,,48000000.0,2866000000.0,1.0,1766106763.0,1766106763.0,,7.489,32824000000.0,973000000.0,346000000.0,7580000000.0,18.586,-3031000000.0
40,MDLZ,MRQ,2011-06-30,2011-06-30,2011-06-30,2021-08-25,-2004000000.0,99027000000.0,,17496000000.0,81531000000.0,,22.181,-381000000.0,2267000000.0,2267000000.0,9007000000.0,976000000.0,0.863,1.537,29580000000.0,6160000000.0,23420000000.0,29580000000.0,0.0,370000000.0,0.0,0.033,0.29,1806000000.0,2176000000.0,0.157,2176000000.0,1806000000.0,1365000000.0,0.55,0.55,0.55,38991000000.0,,38991000000.0,89886978737.0,19.0,14.153,901000000.0,0.513,1.0,4871000000.0,0.351,65572000000.0,441000000.0,40488000000.0,,6414000000.0,0.0,0.0,0.0,59916000000.0,20280000000.0,39636000000.0,61929978737.0,179000000.0,0.0,0.0,-566000000.0,-510000000.0,-755000000.0,-381000000.0,0.0,1282000000.0,33000000.0,976000000.0,976000000.0,976000000.0,0.0,0.0,0.07,3065000000.0,1806000000.0,5308000000.0,0.527,1.588,20.179,20.247,14216000000.0,0.0,35.23,1.802,1.802,6830000000.0,17300000000.0,13878000000.0,13878000000.0,0.0,,,,,45000000.0,3008000000.0,1.0,1757876206.0,1757876206.0,,7.895,33455000000.0,919000000.0,389000000.0,7993000000.0,19.031,-2784000000.0
41,MDLZ,MRQ,2011-03-31,2011-03-31,2011-03-31,2021-08-25,-2744000000.0,98269000000.0,,17529000000.0,80740000000.0,,21.374,-244000000.0,2088000000.0,2088000000.0,7937000000.0,802000000.0,0.886,1.626,30045000000.0,5757000000.0,24288000000.0,30045000000.0,0.0,372000000.0,0.0,0.037,0.29,1643000000.0,2015000000.0,0.16,2015000000.0,1643000000.0,1197000000.0,0.46,0.45,0.46,37381000000.0,,37381000000.0,81089358497.0,17.0,12.995,-1230000000.0,-0.703,1.0,4636000000.0,0.369,64943000000.0,446000000.0,41504000000.0,,6116000000.0,0.0,0.0,0.0,60770000000.0,19779000000.0,40991000000.0,54846358497.0,-393000000.0,0.0,0.0,1061000000.0,-507000000.0,795000000.0,-244000000.0,0.0,-986000000.0,42000000.0,799000000.0,799000000.0,799000000.0,0.0,3000000.0,0.064,2990000000.0,1646000000.0,5535000000.0,0.63,1.467,18.101,18.127,14003000000.0,0.0,31.36,1.675,1.675,7131000000.0,16876000000.0,12573000000.0,12573000000.0,0.0,,,,,44000000.0,2933000000.0,1.0,1748927248.0,1748927248.0,,7.189,33326000000.0,969000000.0,398000000.0,8252000000.0,19.055,-2250000000.0
42,MDLZ,MRQ,2010-12-31,2010-12-31,2010-12-31,2021-08-25,-3890000000.0,95289000000.0,,16221000000.0,79068000000.0,,20.514,-646000000.0,2481000000.0,2481000000.0,-2713000000.0,547000000.0,1.021,1.656,28724000000.0,1865000000.0,26859000000.0,28724000000.0,0.0,421000000.0,0.0,0.037,0.29,-114000000.0,307000000.0,-0.078,307000000.0,-114000000.0,-388000000.0,0.3,0.3,0.3,35834000000.0,,35834000000.0,82787835159.0,14.0,11.221,1878000000.0,1.075,1.0,-1232000000.0,0.312,63819000000.0,274000000.0,41820000000.0,,5310000000.0,0.0,0.0,0.0,59347000000.0,15893000000.0,43454000000.0,55040835159.0,193000000.0,-5000000.0,89000000.0,-1206000000.0,-511000000.0,-1700000000.0,-651000000.0,0.0,2524000000.0,20000000.0,540000000.0,540000000.0,540000000.0,-1823000000.0,7000000.0,-0.137,698000000.0,-1930000000.0,5409000000.0,0.967,1.536,13.379,13.129,13792000000.0,0.0,31.51,1.748,1.748,6539000000.0,16619000000.0,-3945000000.0,-3945000000.0,0.0,,,,,42000000.0,599000000.0,1.0,1746773569.0,1746773569.0,,-2.258,31470000000.0,898000000.0,-928000000.0,7984000000.0,18.016,328000000.0
43,MDLZ,MRQ,2010-09-30,2010-09-30,2010-09-30,2021-08-25,-4720000000.0,93620000000.0,,15824000000.0,77796000000.0,,19.999,-399000000.0,2288000000.0,2288000000.0,7542000000.0,760000000.0,1.161,1.681,30035000000.0,464000000.0,29571000000.0,30035000000.0,0.0,340000000.0,0.0,0.038,0.29,1513000000.0,1853000000.0,0.156,1853000000.0,1513000000.0,1080000000.0,0.43,0.43,0.43,34880000000.0,,34880000000.0,80997621733.0,11.0,9.403,46000000.0,0.026,1.0,4321000000.0,0.364,62240000000.0,433000000.0,45501000000.0,,5735000000.0,0.0,0.0,0.0,58638000000.0,13626000000.0,45012000000.0,53821621733.0,-566000000.0,343000000.0,-135000000.0,-462000000.0,-508000000.0,-1105000000.0,-32000000.0,0.0,445000000.0,126000000.0,754000000.0,754000000.0,754000000.0,0.0,6000000.0,0.064,2802000000.0,1519000000.0,5130000000.0,0.674,1.543,12.563,11.779,13710000000.0,0.0,30.86,1.169,1.169,6013000000.0,16621000000.0,11863000000.0,11863000000.0,0.0,,,,,51000000.0,2758000000.0,1.0,1744057736.0,1744057736.0,,6.802,31380000000.0,901000000.0,326000000.0,6992000000.0,17.993,2198000000.0
44,MDLZ,MRQ,2010-06-30,2010-06-30,2010-06-30,2021-08-25,-5959000000.0,91590000000.0,,15251000000.0,76339000000.0,,19.099,-367000000.0,2854000000.0,2854000000.0,7559000000.0,939000000.0,1.108,1.749,30030000000.0,927000000.0,29103000000.0,30030000000.0,0.0,366000000.0,0.0,0.041,0.29,1699000000.0,2065000000.0,0.169,2065000000.0,1699000000.0,1260000000.0,0.54,0.53,0.54,33299000000.0,,33299000000.0,75959538588.0,11.0,9.068,417000000.0,0.239,1.0,4694000000.0,0.383,61669000000.0,439000000.0,43328000000.0,,5167000000.0,0.0,0.0,0.0,58231000000.0,13769000000.0,44462000000.0,48817538588.0,-1024000000.0,-256000000.0,46000000.0,-615000000.0,-503000000.0,-1000000000.0,-649000000.0,0.0,784000000.0,-159000000.0,937000000.0,937000000.0,937000000.0,0.0,2000000.0,0.076,2993000000.0,1701000000.0,4913000000.0,0.537,1.466,11.212,10.182,13047000000.0,0.0,28.0,1.121,1.121,5606000000.0,16393000000.0,12253000000.0,12253000000.0,0.0,,,,,41000000.0,2933000000.0,1.0,1743483521.0,1743483521.0,,7.028,29921000000.0,828000000.0,323000000.0,7353000000.0,17.162,1482000000.0
45,MDLZ,MRQ,2010-03-31,2010-03-31,2010-03-31,2021-08-25,-4422000000.0,95709000000.0,,17215000000.0,78494000000.0,,23.103,-241000000.0,3878000000.0,3878000000.0,7229000000.0,1893000000.0,1.105,1.791,31020000000.0,1524000000.0,29496000000.0,31020000000.0,0.0,313000000.0,0.0,0.038,0.29,2840000000.0,3153000000.0,0.279,3153000000.0,2840000000.0,2216000000.0,1.17,1.16,1.17,34178000000.0,,34178000000.0,61625184997.0,9.0,7.673,-246000000.0,-0.166,1.0,4089000000.0,0.361,62767000000.0,624000000.0,44503000000.0,,5097000000.0,0.0,0.0,0.0,61215000000.0,15581000000.0,45634000000.0,44736184997.0,1777000000.0,-5891000000.0,0.0,8718000000.0,-653000000.0,7993000000.0,-6130000000.0,0.0,-5000000.0,-81000000.0,1883000000.0,1883000000.0,1883000000.0,-1644000000.0,10000000.0,0.166,2883000000.0,1206000000.0,5422000000.0,0.248,1.309,10.541,10.917,13896000000.0,0.0,30.24,1.089,1.089,6575000000.0,15971000000.0,11318000000.0,11318000000.0,0.0,,,,,40000000.0,2850000000.0,1.0,1479371197.0,1479371197.0,,7.651,32942000000.0,839000000.0,333000000.0,7561000000.0,22.268,1634000000.0
46,MDLZ,MRQ,2009-12-31,2009-12-31,2009-12-31,2021-08-25,-3955000000.0,66714000000.0,,12454000000.0,54260000000.0,,17.533,-531000000.0,2101000000.0,2101000000.0,6652000000.0,711000000.0,1.084,1.575,18990000000.0,966000000.0,18024000000.0,18990000000.0,0.0,272000000.0,0.0,0.043,0.29,1271000000.0,1543000000.0,0.146,1543000000.0,1271000000.0,949000000.0,0.48,0.47,0.48,25876000000.0,,25876000000.0,57842236750.0,11.0,9.145,1284000000.0,0.87,1.0,3945000000.0,0.372,42193000000.0,322000000.0,29919000000.0,,3775000000.0,0.0,0.0,0.0,40742000000.0,11491000000.0,29251000000.0,40113236750.0,-895000000.0,35000000.0,-10000000.0,-1659000000.0,-428000000.0,-2172000000.0,-539000000.0,0.0,1815000000.0,1000000.0,710000000.0,710000000.0,710000000.0,-59000000.0,1000000.0,0.067,2732000000.0,1213000000.0,3766000000.0,0.604,1.55,13.278,13.324,10693000000.0,0.0,27.18,1.035,1.035,5197000000.0,14636000000.0,10597000000.0,10597000000.0,0.0,,,,,41000000.0,2770000000.0,1.0,1475836525.0,1475836525.0,,7.18,24521000000.0,730000000.0,239000000.0,4508000000.0,16.615,963000000.0
47,MDLZ,MRQ,2009-09-30,2009-09-30,2009-09-30,2021-08-25,-4355000000.0,66669000000.0,,13018000000.0,53651000000.0,,17.034,-275000000.0,2996000000.0,2996000000.0,6019000000.0,826000000.0,1.08,1.65,20725000000.0,2617000000.0,18108000000.0,20725000000.0,0.0,227000000.0,0.0,0.044,0.29,1389000000.0,1616000000.0,0.172,1616000000.0,1389000000.0,1066000000.0,0.56,0.55,0.56,25125000000.0,,25125000000.0,57241341137.0,13.0,10.752,1274000000.0,0.864,1.0,3378000000.0,0.359,41936000000.0,323000000.0,30406000000.0,,4073000000.0,0.0,0.0,0.0,41458000000.0,12056000000.0,29402000000.0,38747341137.0,1265000000.0,0.0,0.0,300000000.0,-429000000.0,-64000000.0,-269000000.0,0.0,1549000000.0,49000000.0,824000000.0,824000000.0,824000000.0,-52000000.0,2000000.0,0.088,2039000000.0,1339000000.0,3264000000.0,0.518,1.542,15.567,15.363,10409000000.0,0.0,26.27,1.036,1.036,4720000000.0,14394000000.0,9397000000.0,9397000000.0,0.0,,,,,39000000.0,2033000000.0,1.0,1474965403.0,1474965403.0,,6.371,24733000000.0,654000000.0,242000000.0,4314000000.0,16.769,962000000.0
48,MDLZ,MRQ,2009-06-30,2009-06-30,2009-06-30,2021-08-25,-4723000000.0,64654000000.0,,11688000000.0,52966000000.0,,16.497,-267000000.0,1731000000.0,1731000000.0,6269000000.0,829000000.0,1.134,1.658,20225000000.0,1615000000.0,18610000000.0,20225000000.0,0.0,217000000.0,0.0,0.046,0.29,1502000000.0,1719000000.0,0.176,1719000000.0,1502000000.0,1190000000.0,0.56,0.56,0.56,24296000000.0,,24296000000.0,56301311244.0,11.0,9.677,1030000000.0,0.699,1.0,3512000000.0,0.359,41482000000.0,312000000.0,31363000000.0,,4011000000.0,0.0,0.0,0.0,40274000000.0,10303000000.0,29971000000.0,37319311244.0,547000000.0,6000000.0,0.0,-188000000.0,-429000000.0,-603000000.0,-257000000.0,0.0,1297000000.0,110000000.0,827000000.0,827000000.0,827000000.0,-48000000.0,2000000.0,0.085,2056000000.0,1456000000.0,3225000000.0,0.518,1.536,12.329,12.301,10224000000.0,0.0,25.34,0.972,0.972,4646000000.0,14016000000.0,9781000000.0,9781000000.0,0.0,,,,,44000000.0,2062000000.0,1.0,1472743143.0,1472743143.0,,6.641,23172000000.0,682000000.0,363000000.0,4266000000.0,15.734,1385000000.0
49,MDLZ,MRQ,2009-03-31,2009-03-31,2009-03-31,2021-08-25,-6146000000.0,62353000000.0,,11141000000.0,51212000000.0,,15.24,-207000000.0,1184000000.0,1184000000.0,5879000000.0,662000000.0,1.08,1.782,20166000000.0,1781000000.0,18385000000.0,20166000000.0,0.0,215000000.0,0.0,0.051,0.29,1232000000.0,1447000000.0,0.161,1447000000.0,1232000000.0,952000000.0,0.45,0.45,0.45,22393000000.0,,22393000000.0,51759665876.0,11.0,8.851,216000000.0,0.147,1.0,3100000000.0,0.345,40256000000.0,280000000.0,30764000000.0,,4050000000.0,0.0,0.0,0.0,39898000000.0,10315000000.0,29583000000.0,32752665876.0,-60000000.0,0.0,0.0,136000000.0,-426000000.0,-294000000.0,-174000000.0,0.0,423000000.0,-15000000.0,660000000.0,660000000.0,660000000.0,-59000000.0,2000000.0,0.074,1925000000.0,1175000000.0,3207000000.0,0.644,1.463,11.121,11.201,9735000000.0,0.0,22.29,0.831,0.831,4472000000.0,13661000000.0,8979000000.0,8979000000.0,0.0,,,,,40000000.0,1919000000.0,1.0,1469388330.0,1469388330.0,,6.111,22097000000.0,681000000.0,292000000.0,4090000000.0,15.038,826000000.0
50,MDLZ,MRQ,2008-12-31,2008-12-31,2008-12-31,2021-08-25,-5994000000.0,63173000000.0,,11461000000.0,51712000000.0,,15.176,-466000000.0,1244000000.0,1244000000.0,6387000000.0,180000000.0,1.038,1.831,20251000000.0,1662000000.0,18589000000.0,20251000000.0,0.0,234000000.0,0.0,0.042,0.29,308000000.0,542000000.0,0.059,542000000.0,308000000.0,2000000.0,0.14,0.13,0.14,22295000000.0,,22295000000.0,59302085807.0,12.0,10.281,1146000000.0,0.78,1.0,2854000000.0,0.309,40507000000.0,306000000.0,30629000000.0,,3881000000.0,0.0,0.0,0.0,40817000000.0,11044000000.0,29773000000.0,39446085807.0,507000000.0,59000000.0,0.0,-267000000.0,-427000000.0,-654000000.0,-396000000.0,0.0,1612000000.0,-55000000.0,178000000.0,178000000.0,178000000.0,-247000000.0,2000000.0,0.019,2791000000.0,63000000.0,3373000000.0,2.071,1.769,13.678,13.984,9917000000.0,0.0,26.85,0.974,0.974,4704000000.0,13440000000.0,9241000000.0,9241000000.0,0.0,,,,,43000000.0,2069000000.0,1.0,1469127963.0,1469127963.0,,6.29,22666000000.0,804000000.0,-176000000.0,4064000000.0,15.428,417000000.0
51,MDLZ,MRQ,2008-09-30,2008-09-30,2008-09-30,2021-08-25,-2005000000.0,66945000000.0,,11257000000.0,55688000000.0,,17.391,-311000000.0,737000000.0,737000000.0,7096000000.0,1365000000.0,1.093,1.536,20593000000.0,1719000000.0,18874000000.0,20593000000.0,0.0,245000000.0,0.0,0.034,0.29,1865000000.0,2110000000.0,0.203,2110000000.0,1865000000.0,1567000000.0,0.91,0.91,0.91,26401000000.0,,26401000000.0,71300202486.0,13.0,10.691,869000000.0,0.572,1.0,3305000000.0,0.318,42069000000.0,298000000.0,34437000000.0,,4664000000.0,0.0,0.0,0.0,40544000000.0,10295000000.0,30249000000.0,49718202486.0,29000000.0,-38000000.0,-127000000.0,-266000000.0,-410000000.0,-778000000.0,-307000000.0,0.0,1180000000.0,-66000000.0,1362000000.0,1362000000.0,1362000000.0,-845000000.0,3000000.0,0.131,2282000000.0,1023000000.0,3439000000.0,0.319,1.883,14.529,14.621,10638000000.0,0.0,32.75,1.209,1.209,4709000000.0,13623000000.0,10401000000.0,10401000000.0,0.0,,,,,42000000.0,2151000000.0,1.0,1518113053.0,1518113053.0,,6.851,24876000000.0,754000000.0,205000000.0,5439000000.0,16.386,962000000.0
52,MDLZ,MRQ,2008-06-30,2008-06-30,2008-06-30,2021-08-25,-1174000000.0,70845000000.0,,11674000000.0,59171000000.0,,18.436,-319000000.0,708000000.0,708000000.0,6936000000.0,747000000.0,0.987,1.535,22290000000.0,2942000000.0,19348000000.0,22290000000.0,0.0,259000000.0,0.0,0.038,0.27,1490000000.0,1749000000.0,0.162,1749000000.0,1490000000.0,1159000000.0,0.49,0.49,0.49,27950000000.0,,27950000000.0,65198097854.0,14.0,11.388,813000000.0,0.536,1.0,3868000000.0,0.358,44337000000.0,331000000.0,36260000000.0,,4846000000.0,0.0,0.0,0.0,42895000000.0,11830000000.0,31065000000.0,43131097854.0,103000000.0,-12000000.0,0.0,-363000000.0,-411000000.0,-724000000.0,-323000000.0,0.0,1132000000.0,18000000.0,745000000.0,745000000.0,745000000.0,-69000000.0,2000000.0,0.069,2445000000.0,1423000000.0,3541000000.0,0.551,1.543,16.239,16.637,11464000000.0,0.0,28.45,1.093,1.093,5223000000.0,12670000000.0,10804000000.0,10804000000.0,0.0,,,,,43000000.0,2264000000.0,1.0,1516031559.0,1516031559.0,,7.127,26508000000.0,481000000.0,414000000.0,5675000000.0,17.485,-156000000.0
53,MDLZ,MRQ,2008-03-31,2008-03-31,2008-03-31,2021-08-25,-1442000000.0,70026000000.0,,11678000000.0,58348000000.0,,17.782,-271000000.0,605000000.0,605000000.0,6745000000.0,601000000.0,0.819,1.568,22672000000.0,5244000000.0,17428000000.0,22672000000.0,0.0,248000000.0,0.0,0.034,0.27,1119000000.0,1367000000.0,0.136,1367000000.0,1119000000.0,814000000.0,0.39,0.39,0.39,27266000000.0,,27266000000.0,67990112973.0,15.0,12.623,-54000000.0,-0.035,1.0,3301000000.0,0.329,43666000000.0,305000000.0,34173000000.0,,4667000000.0,0.0,0.0,0.0,42760000000.0,14254000000.0,28506000000.0,47548112973.0,38000000.0,-11000000.0,-650000000.0,1207000000.0,-415000000.0,99000000.0,-294000000.0,0.0,217000000.0,16000000.0,599000000.0,599000000.0,599000000.0,-54000000.0,2000000.0,0.06,2234000000.0,1067000000.0,4157000000.0,0.692,1.744,18.162,18.569,11311000000.0,0.0,31.01,1.255,1.255,5361000000.0,12389000000.0,10046000000.0,10046000000.0,0.0,,,,,50000000.0,2129000000.0,1.0,1533315478.0,1533315478.0,,6.552,26360000000.0,615000000.0,215000000.0,5081000000.0,17.192,-2576000000.0
54,MDLZ,MRQ,2007-12-31,2007-12-31,2007-12-31,2021-08-25,-1835000000.0,67993000000.0,,10737000000.0,57256000000.0,,17.642,-383000000.0,567000000.0,567000000.0,6638000000.0,719000000.0,0.628,1.491,21009000000.0,8107000000.0,12902000000.0,21009000000.0,0.0,224000000.0,0.0,0.032,0.27,1219000000.0,1443000000.0,0.146,1443000000.0,1219000000.0,993000000.0,0.45,0.45,0.45,27295000000.0,,27295000000.0,63442979670.0,14.0,11.991,908000000.0,0.587,1.0,3229000000.0,0.327,43393000000.0,226000000.0,27956000000.0,,4096000000.0,0.0,0.0,0.0,40698000000.0,17086000000.0,23612000000.0,50484979670.0,69000000.0,-7424000000.0,-537000000.0,7474000000.0,-424000000.0,6524000000.0,-7776000000.0,0.0,1291000000.0,30000000.0,716000000.0,716000000.0,716000000.0,-52000000.0,3000000.0,0.073,2059000000.0,1170000000.0,4065000000.0,0.6,1.85,18.554,19.082,10778000000.0,0.0,32.63,1.408,1.408,5197000000.0,12209000000.0,9867000000.0,9867000000.0,0.0,,,,,136000000.0,1956000000.0,1.0,1547195209.0,1547195209.0,,6.377,24600000000.0,575000000.0,277000000.0,4876000000.0,15.9,-6349000000.0
55,MDLZ,MRQ,2007-09-30,2007-09-30,2007-09-30,2021-08-25,-2496000000.0,57359000000.0,,9544000000.0,47815000000.0,,17.049,-352000000.0,498000000.0,498000000.0,5835000000.0,596000000.0,0.936,1.134,13456000000.0,2856000000.0,10600000000.0,13456000000.0,0.0,220000000.0,0.0,0.03,0.27,946000000.0,1166000000.0,0.133,1166000000.0,946000000.0,781000000.0,0.38,0.38,0.38,26882000000.0,,26882000000.0,66510310552.0,16.0,13.321,518000000.0,0.329,1.0,2925000000.0,0.334,35760000000.0,165000000.0,24363000000.0,,4375000000.0,0.0,0.0,0.0,30477000000.0,10194000000.0,20283000000.0,54412310552.0,79000000.0,0.0,-964000000.0,915000000.0,-394000000.0,-453000000.0,-347000000.0,0.0,870000000.0,9000000.0,596000000.0,596000000.0,596000000.0,-61000000.0,0.0,0.068,2040000000.0,885000000.0,2908000000.0,0.711,2.024,20.697,21.043,9967000000.0,0.0,34.51,1.563,1.563,3942000000.0,12058000000.0,8760000000.0,8760000000.0,0.0,,,,,0.0,1864000000.0,1.0,1576711404.0,1576711404.0,,5.556,21599000000.0,386000000.0,185000000.0,3918000000.0,13.699,-650000000.0
56,MDLZ,MRQ,2007-06-30,2007-06-30,2007-06-30,2021-08-25,-2674000000.0,56495000000.0,,9158000000.0,47337000000.0,,17.128,-326000000.0,419000000.0,419000000.0,5945000000.0,707000000.0,0.747,1.056,12517000000.0,5432000000.0,7085000000.0,12517000000.0,0.0,222000000.0,0.0,0.028,0.25,1188000000.0,1410000000.0,0.153,1410000000.0,1188000000.0,1039000000.0,0.45,0.44,0.45,27476000000.0,,27476000000.0,66835955156.0,15.0,12.37,923000000.0,0.575,1.0,3260000000.0,0.354,35576000000.0,149000000.0,20751000000.0,,4033000000.0,0.0,0.0,0.0,29019000000.0,12266000000.0,16753000000.0,56544955156.0,168000000.0,3000000.0,-2017000000.0,1962000000.0,-411000000.0,-774000000.0,-319000000.0,0.0,1249000000.0,12000000.0,707000000.0,707000000.0,707000000.0,0.0,0.0,0.077,2072000000.0,1188000000.0,2604000000.0,0.556,2.058,20.333,20.494,9802000000.0,0.0,35.25,1.648,1.648,3957000000.0,11945000000.0,9205000000.0,9205000000.0,0.0,,,,,0.0,1969000000.0,1.0,1604112203.0,1604112203.0,,5.738,20919000000.0,393000000.0,332000000.0,4147000000.0,13.041,-3108000000.0
57,MDLZ,MRQ,2007-03-31,2007-03-31,2007-03-31,2021-08-25,-3013000000.0,55814000000.0,,8852000000.0,46962000000.0,,17.519,-180000000.0,251000000.0,251000000.0,5535000000.0,702000000.0,0.849,0.943,10542000000.0,3461000000.0,7081000000.0,10542000000.0,0.0,220000000.0,0.0,0.031,0.25,1122000000.0,1342000000.0,0.156,1342000000.0,1122000000.0,1058000000.0,0.43,0.43,0.43,28729000000.0,,28729000000.0,61893050802.0,14.0,11.491,-19000000.0,-0.012,1.0,3051000000.0,0.355,35459000000.0,64000000.0,20219000000.0,,3881000000.0,0.0,0.0,0.0,27085000000.0,10427000000.0,16658000000.0,51918050802.0,12000000.0,200000000.0,-190000000.0,321000000.0,-409000000.0,-176000000.0,26000000.0,0.0,161000000.0,1000000.0,702000000.0,702000000.0,702000000.0,0.0,0.0,0.082,1929000000.0,1122000000.0,3023000000.0,0.581,1.807,18.838,18.845,9624000000.0,0.0,31.66,1.54,1.54,3977000000.0,11633000000.0,8586000000.0,8586000000.0,0.0,,,,,0.0,1872000000.0,1.0,1639862628.0,1639862628.0,,5.236,20355000000.0,394000000.0,356000000.0,3983000000.0,12.413,-1575000000.0
58,MDLZ,MRQ,2006-12-31,2006-12-31,2006-12-31,2021-08-25,-3069000000.0,55574000000.0,,8254000000.0,47320000000.0,,17.372,-482000000.0,239000000.0,239000000.0,5475000000.0,624000000.0,0.788,0.946,10214000000.0,3133000000.0,7081000000.0,10214000000.0,0.0,237000000.0,0.0,0.027,0.25,838000000.0,1075000000.0,0.13,1075000000.0,838000000.0,705000000.0,0.38,0.38,0.38,28555000000.0,,28555000000.0,68820959173.0,16.0,13.042,442000000.0,0.269,1.0,2796000000.0,0.338,35730000000.0,133000000.0,19346000000.0,,3506000000.0,0.0,0.0,0.0,27019000000.0,10473000000.0,16546000000.0,58682959173.0,-416000000.0,272000000.0,-311000000.0,-587000000.0,-412000000.0,-1164000000.0,-185000000.0,0.0,924000000.0,9000000.0,624000000.0,624000000.0,624000000.0,-232000000.0,0.0,0.075,2190000000.0,606000000.0,3209000000.0,0.658,2.055,19.177,19.194,9693000000.0,0.0,35.7,1.765,1.765,3869000000.0,11128000000.0,8271000000.0,8271000000.0,0.0,,,,,142000000.0,1874000000.0,1.0,1643780369.0,1643780369.0,,5.032,19844000000.0,387000000.0,81000000.0,4081000000.0,12.072,-2219000000.0
59,MDLZ,MRQ,2006-09-30,2006-09-30,2006-09-30,2021-08-25,-1256000000.0,58840000000.0,,8959000000.0,49881000000.0,,18.404,-237000000.0,655000000.0,655000000.0,5243000000.0,748000000.0,0.824,0.936,10793000000.0,3712000000.0,7081000000.0,10793000000.0,0.0,221000000.0,0.0,0.026,0.25,1355000000.0,1576000000.0,0.191,1576000000.0,1355000000.0,1221000000.0,0.46,0.45,0.46,30398000000.0,,30398000000.0,69350041090.0,15.0,12.325,953000000.0,0.577,1.0,3000000000.0,0.364,35815000000.0,134000000.0,22292000000.0,,3857000000.0,0.0,0.0,0.0,28442000000.0,10871000000.0,17571000000.0,58901041090.0,253000000.0,583000000.0,-310000000.0,-616000000.0,-381000000.0,-1307000000.0,365000000.0,0.0,1190000000.0,5000000.0,748000000.0,748000000.0,748000000.0,0.0,0.0,0.091,1896000000.0,1104000000.0,2851000000.0,0.543,1.938,18.355,18.381,9809000000.0,0.0,35.66,1.7,1.7,3573000000.0,10914000000.0,8243000000.0,8243000000.0,0.0,,,,,0.0,1767000000.0,1.0,1651739795.0,1651739795.0,,4.99,23025000000.0,549000000.0,473000000.0,6141000000.0,13.94,-1912000000.0
60,MDLZ,MRQ,2006-06-30,2006-06-30,2006-06-30,2021-08-25,-1205000000.0,58222000000.0,,8374000000.0,49848000000.0,,18.283,-265000000.0,402000000.0,402000000.0,5435000000.0,682000000.0,0.863,0.917,10851000000.0,3373000000.0,7478000000.0,10851000000.0,0.0,217000000.0,0.0,0.03,0.23,1176000000.0,1393000000.0,0.162,1393000000.0,1176000000.0,1029000000.0,0.41,0.41,0.41,30368000000.0,,30368000000.0,61903561103.0,14.0,11.436,861000000.0,0.518,1.0,3184000000.0,0.369,35413000000.0,147000000.0,23560000000.0,,3550000000.0,0.0,0.0,0.0,27854000000.0,9698000000.0,18156000000.0,51323561103.0,135000000.0,3000000.0,-318000000.0,6000000.0,-384000000.0,-806000000.0,-203000000.0,0.0,1126000000.0,18000000.0,682000000.0,682000000.0,682000000.0,0.0,0.0,0.079,2000000000.0,1184000000.0,2569000000.0,0.561,1.69,16.371,16.436,9762000000.0,0.0,30.9,1.489,1.489,3549000000.0,10578000000.0,8619000000.0,8619000000.0,0.0,,,,,0.0,1771000000.0,1.0,1660956670.0,1660956670.0,,5.189,22809000000.0,625000000.0,347000000.0,6267000000.0,13.732,-1324000000.0
61,MDLZ,MRQ,2006-03-31,2006-03-31,2006-03-31,2021-08-25,-1566000000.0,57814000000.0,,8318000000.0,49496000000.0,,17.965,-185000000.0,267000000.0,267000000.0,5191000000.0,1006000000.0,0.956,0.929,10847000000.0,2371000000.0,8476000000.0,10847000000.0,0.0,216000000.0,0.0,0.03,0.23,1017000000.0,1233000000.0,0.152,1233000000.0,1017000000.0,921000000.0,0.61,0.61,0.61,29977000000.0,,29977000000.0,60808039905.0,14.0,11.694,295000000.0,0.177,1.0,2932000000.0,0.361,35099000000.0,96000000.0,24594000000.0,,3587000000.0,0.0,0.0,0.0,27837000000.0,8701000000.0,19136000000.0,50576039905.0,-49000000.0,88000000.0,-315000000.0,285000000.0,-385000000.0,-443000000.0,-93000000.0,0.0,480000000.0,7000000.0,1006000000.0,1006000000.0,1006000000.0,0.0,0.0,0.124,1912000000.0,1020000000.0,2492000000.0,0.377,1.687,17.291,17.32,9780000000.0,0.0,30.31,1.48,1.48,3431000000.0,10277000000.0,8123000000.0,8123000000.0,0.0,,,,,0.0,1708000000.0,1.0,1668625533.0,1668625533.0,,4.868,22715000000.0,756000000.0,-85000000.0,6400000000.0,13.613,-383000000.0
62,MDLZ,MRQ,2005-12-31,2005-12-31,2005-12-31,2021-08-25,-1663000000.0,57628000000.0,,8153000000.0,49475000000.0,,17.599,-387000000.0,316000000.0,316000000.0,6265000000.0,773000000.0,0.935,0.947,10548000000.0,2073000000.0,8475000000.0,10548000000.0,0.0,228000000.0,0.0,0.031,0.23,1197000000.0,1425000000.0,0.147,1425000000.0,1197000000.0,1050000000.0,0.46,0.45,0.46,29593000000.0,,29593000000.0,57916313410.0,13.0,10.813,1039000000.0,0.618,1.0,3398000000.0,0.352,35164000000.0,147000000.0,23972000000.0,,3343000000.0,0.0,0.0,0.0,28035000000.0,8724000000.0,19311000000.0,47368313410.0,81000000.0,16000000.0,-392000000.0,-230000000.0,-388000000.0,-973000000.0,-364000000.0,0.0,1426000000.0,-8000000.0,773000000.0,773000000.0,773000000.0,0.0,0.0,0.08,2204000000.0,1194000000.0,2922000000.0,0.5,1.601,17.997,18.058,9817000000.0,0.0,28.17,1.389,1.389,3385000000.0,9453000000.0,9663000000.0,9663000000.0,0.0,,,,,0.0,1922000000.0,1.0,1681516273.0,1681516273.0,,5.747,22464000000.0,879000000.0,277000000.0,6304000000.0,13.359,-571000000.0
63,MDLZ,MRQ,2005-09-30,2005-09-30,2005-09-30,2021-08-25,-1436000000.0,58102000000.0,,8343000000.0,49759000000.0,,17.481,-343000000.0,235000000.0,235000000.0,5201000000.0,674000000.0,1.051,0.951,10783000000.0,1060000000.0,9723000000.0,10783000000.0,0.0,215000000.0,0.0,0.028,0.23,1147000000.0,1362000000.0,0.169,1362000000.0,1147000000.0,1008000000.0,0.4,0.4,0.4,29775000000.0,,29775000000.0,62318656321.0,14.0,11.699,403000000.0,0.237,1.0,2856000000.0,0.354,35414000000.0,139000000.0,25299000000.0,,3799000000.0,0.0,0.0,0.0,28327000000.0,7937000000.0,20390000000.0,52104656321.0,-161000000.0,12000000.0,-408000000.0,169000000.0,-349000000.0,-584000000.0,-326000000.0,0.0,746000000.0,3000000.0,674000000.0,674000000.0,674000000.0,0.0,0.0,0.084,1708000000.0,1148000000.0,2683000000.0,0.575,1.75,20.951,20.81,9849000000.0,0.0,30.59,1.568,1.568,3335000000.0,9024000000.0,8057000000.0,8057000000.0,0.0,,,,,0.0,1678000000.0,1.0,1703323188.0,1703323188.0,,4.73,22688000000.0,716000000.0,334000000.0,6017000000.0,13.32,406000000.0
64,MDLZ,MRQ,2005-06-30,2005-06-30,2005-06-30,2021-08-25,-1433000000.0,58207000000.0,,8524000000.0,49683000000.0,,17.528,-302000000.0,396000000.0,396000000.0,5275000000.0,472000000.0,1.09,0.95,10610000000.0,887000000.0,9723000000.0,10610000000.0,0.0,218000000.0,0.0,0.026,0.205,962000000.0,1180000000.0,0.142,1180000000.0,962000000.0,788000000.0,0.28,0.28,0.28,29856000000.0,,29856000000.0,66298710610.0,15.0,12.237,748000000.0,0.439,1.0,3059000000.0,0.367,35471000000.0,174000000.0,25130000000.0,,3678000000.0,0.0,0.0,0.0,28351000000.0,7820000000.0,20531000000.0,54182710610.0,176000000.0,1450000000.0,-208000000.0,-1723000000.0,-350000000.0,-2028000000.0,1160000000.0,0.0,1050000000.0,-6000000.0,472000000.0,472000000.0,472000000.0,286000000.0,0.0,0.057,1809000000.0,1250000000.0,2496000000.0,0.732,1.815,20.904,20.791,9730000000.0,0.0,31.81,1.647,1.647,3461000000.0,8690000000.0,8334000000.0,8334000000.0,0.0,,,,,0.0,1777000000.0,1.0,1703323188.0,1703323188.0,,4.893,22736000000.0,726000000.0,316000000.0,6401000000.0,13.348,704000000.0
65,MDLZ,MRQ,2005-03-31,2005-03-31,2005-03-31,2021-08-25,-1223000000.0,60140000000.0,,10125000000.0,50015000000.0,,17.65,-139000000.0,220000000.0,220000000.0,5104000000.0,713000000.0,1.103,0.996,12336000000.0,2612000000.0,9724000000.0,12336000000.0,0.0,218000000.0,0.0,0.024,0.205,1171000000.0,1389000000.0,0.172,1389000000.0,1171000000.0,995000000.0,0.42,0.42,0.42,30124000000.0,,30124000000.0,68416822703.0,14.0,12.041,103000000.0,0.06,1.0,2955000000.0,0.367,35664000000.0,176000000.0,27411000000.0,,3712000000.0,0.0,0.0,0.0,30016000000.0,9181000000.0,20835000000.0,56407822703.0,-62000000.0,190000000.0,-167000000.0,73000000.0,-350000000.0,-366000000.0,55000000.0,0.0,242000000.0,7000000.0,713000000.0,713000000.0,713000000.0,-14000000.0,0.0,0.088,1798000000.0,1157000000.0,2338000000.0,0.488,1.873,20.017,20.03,9821000000.0,0.0,33.05,1.728,1.728,3635000000.0,8520000000.0,8059000000.0,8059000000.0,0.0,,,,,0.0,1761000000.0,1.0,1706741988.0,1706741988.0,,4.722,24476000000.0,775000000.0,282000000.0,6210000000.0,14.341,944000000.0
66,MDLZ,MRQ,2004-12-31,2004-12-31,2004-12-31,2021-08-25,-1205000000.0,59928000000.0,,9722000000.0,50206000000.0,,17.492,-432000000.0,282000000.0,282000000.0,5645000000.0,628000000.0,1.071,1.004,12291000000.0,2568000000.0,9723000000.0,12291000000.0,0.0,246000000.0,0.0,0.022,0.205,1150000000.0,1396000000.0,0.159,1396000000.0,1150000000.0,971000000.0,0.37,0.36,0.37,29911000000.0,,29911000000.0,73320486582.0,16.0,13.37,1088000000.0,0.636,1.0,3139000000.0,0.357,35811000000.0,179000000.0,27048000000.0,,3447000000.0,0.0,0.0,0.0,30017000000.0,9078000000.0,20939000000.0,60891486582.0,80000000.0,6000000.0,-207000000.0,-347000000.0,-351000000.0,-1081000000.0,-379000000.0,0.0,1520000000.0,20000000.0,628000000.0,628000000.0,628000000.0,49000000.0,0.0,0.071,1941000000.0,1198000000.0,2434000000.0,0.554,2.036,22.849,22.827,9985000000.0,0.0,35.61,1.893,1.893,3541000000.0,8304000000.0,8784000000.0,8784000000.0,0.0,,,,,0.0,1804000000.0,1.0,1709954692.0,1709954692.0,,5.137,24117000000.0,749000000.0,343000000.0,6638000000.0,14.104,644000000.0
67,MDLZ,MRQ,2004-09-30,2004-09-30,2004-09-30,2021-08-25,-1780000000.0,59290000000.0,,8131000000.0,51159000000.0,,17.036,-221000000.0,202000000.0,202000000.0,4853000000.0,779000000.0,1.035,1.029,12631000000.0,1659000000.0,10972000000.0,12631000000.0,0.0,209000000.0,0.0,0.023,0.205,1244000000.0,1453000000.0,0.188,1453000000.0,1244000000.0,1081000000.0,0.46,0.46,0.46,29220000000.0,,29220000000.0,67191935436.0,14.0,11.702,935000000.0,0.545,1.0,2865000000.0,0.371,36882000000.0,163000000.0,26984000000.0,,3797000000.0,0.0,0.0,0.0,30070000000.0,7853000000.0,22217000000.0,54404935436.0,38000000.0,5000000.0,-167000000.0,-320000000.0,-309000000.0,-908000000.0,-212000000.0,0.0,1156000000.0,2000000.0,779000000.0,779000000.0,779000000.0,-13000000.0,0.0,0.101,1633000000.0,1232000000.0,2122000000.0,0.446,1.862,18.722,18.769,9835000000.0,0.0,31.72,1.744,1.744,3248000000.0,7993000000.0,7718000000.0,7718000000.0,0.0,,,,,0.0,1579000000.0,1.0,1715161899.0,1715161899.0,,4.5,22408000000.0,660000000.0,302000000.0,6373000000.0,13.065,278000000.0
68,MDLZ,MRQ,2004-06-30,2004-06-30,2004-06-30,2021-08-25,-1827000000.0,59123000000.0,,8060000000.0,51063000000.0,,16.782,-205000000.0,164000000.0,164000000.0,5107000000.0,698000000.0,1.006,1.047,12951000000.0,1979000000.0,10972000000.0,12951000000.0,0.0,215000000.0,0.0,0.023,0.18,1229000000.0,1444000000.0,0.178,1444000000.0,1229000000.0,1070000000.0,0.4,0.4,0.4,28877000000.0,,28877000000.0,67349182824.0,13.0,11.417,633000000.0,0.368,1.0,2984000000.0,0.369,36876000000.0,159000000.0,27026000000.0,,3598000000.0,0.0,0.0,0.0,30246000000.0,8008000000.0,22238000000.0,54511182824.0,-123000000.0,-11000000.0,-162000000.0,-173000000.0,-311000000.0,-758000000.0,-199000000.0,0.0,838000000.0,-4000000.0,698000000.0,698000000.0,698000000.0,-22000000.0,0.0,0.086,1775000000.0,1209000000.0,2163000000.0,0.45,1.888,18.56,18.635,9805000000.0,0.0,31.68,1.76,1.76,3365000000.0,7527000000.0,8091000000.0,8091000000.0,0.0,,,,,0.0,1642000000.0,1.0,1720681276.0,1720681276.0,,4.702,22247000000.0,659000000.0,372000000.0,6296000000.0,12.929,52000000.0
69,MDLZ,MRQ,2004-03-31,2004-03-31,2004-03-31,2021-08-25,-1639000000.0,59289000000.0,,8221000000.0,51068000000.0,,16.711,-148000000.0,287000000.0,287000000.0,4676000000.0,560000000.0,1.08,1.058,13125000000.0,1429000000.0,11696000000.0,13125000000.0,0.0,209000000.0,0.0,0.022,0.18,982000000.0,1191000000.0,0.157,1191000000.0,982000000.0,817000000.0,0.33,0.33,0.33,28807000000.0,,28807000000.0,67586307187.0,12.0,10.767,346000000.0,0.201,1.0,2899000000.0,0.383,36819000000.0,165000000.0,27693000000.0,,3549000000.0,0.0,0.0,0.0,30482000000.0,7615000000.0,22867000000.0,55181307187.0,-227000000.0,-119000000.0,-152000000.0,195000000.0,-309000000.0,-471000000.0,-266000000.0,0.0,494000000.0,16000000.0,560000000.0,560000000.0,560000000.0,-10000000.0,0.0,0.074,1926000000.0,973000000.0,2177000000.0,0.545,1.916,17.309,17.303,9995000000.0,0.0,32.01,1.797,1.797,3455000000.0,7105000000.0,7575000000.0,7575000000.0,0.0,,,,,0.0,1633000000.0,1.0,1723877138.0,1723877138.0,,4.394,22470000000.0,671000000.0,257000000.0,6308000000.0,13.035,606000000.0
70,MDLZ,MRQ,2003-12-31,2003-12-31,2003-12-31,2021-08-25,-1792000000.0,59285000000.0,,8124000000.0,51161000000.0,,16.513,-327000000.0,514000000.0,514000000.0,4928000000.0,869000000.0,1.033,1.078,12919000000.0,1328000000.0,11591000000.0,12919000000.0,0.0,223000000.0,0.0,0.02,0.18,1431000000.0,1654000000.0,0.212,1654000000.0,1431000000.0,1268000000.0,0.5,0.5,0.5,28530000000.0,,28530000000.0,68784563156.0,12.0,10.166,972000000.0,0.563,1.0,2890000000.0,0.37,36879000000.0,163000000.0,26950000000.0,,3343000000.0,0.0,0.0,0.0,30755000000.0,7861000000.0,22894000000.0,55667563156.0,18000000.0,70000000.0,-246000000.0,-701000000.0,-311000000.0,-1046000000.0,-250000000.0,0.0,1299000000.0,15000000.0,869000000.0,869000000.0,869000000.0,-97000000.0,0.0,0.111,1556000000.0,1334000000.0,2548000000.0,0.36,1.951,16.015,16.03,10155000000.0,0.0,32.22,1.825,1.825,3369000000.0,7020000000.0,7818000000.0,7818000000.0,0.0,,,,,0.0,1562000000.0,1.0,1727733183.0,1727733183.0,,4.525,22406000000.0,681000000.0,399000000.0,6307000000.0,12.968,263000000.0
71,MDLZ,MRQ,2003-09-30,2003-09-30,2003-09-30,2021-08-25,-2225000000.0,58226000000.0,,7920000000.0,50306000000.0,,16.021,-261000000.0,496000000.0,496000000.0,4559000000.0,810000000.0,1.027,1.099,13613000000.0,1974000000.0,11639000000.0,13613000000.0,0.0,202000000.0,0.0,0.021,0.18,1408000000.0,1610000000.0,0.215,1610000000.0,1408000000.0,1249000000.0,0.47,0.47,0.47,27743000000.0,,27743000000.0,62953245982.0,10.0,9.152,980000000.0,0.566,1.0,2921000000.0,0.391,36600000000.0,159000000.0,27034000000.0,,3549000000.0,0.0,0.0,0.0,30483000000.0,7709000000.0,22774000000.0,51083245982.0,-1010000000.0,11000000.0,-40000000.0,-1372000000.0,-258000000.0,-2008000000.0,-238000000.0,0.0,1241000000.0,-5000000.0,810000000.0,810000000.0,810000000.0,0.0,0.0,0.108,1511000000.0,1410000000.0,1878000000.0,0.383,1.841,14.438,14.39,9886000000.0,0.0,29.5,1.7,1.7,3080000000.0,6444000000.0,7480000000.0,7480000000.0,0.0,,,,,0.0,1526000000.0,1.0,1731635457.0,1731635457.0,,4.32,21626000000.0,474000000.0,439000000.0,5976000000.0,12.489,211000000.0
72,MDLZ,MRQ,2003-06-30,2003-06-30,2003-06-30,2021-08-25,-1967000000.0,59881000000.0,,9206000000.0,50675000000.0,,15.915,-277000000.0,1506000000.0,1506000000.0,4695000000.0,949000000.0,0.906,1.173,13376000000.0,2436000000.0,10940000000.0,13376000000.0,0.0,195000000.0,0.0,0.018,0.15,1627000000.0,1822000000.0,0.232,1822000000.0,1627000000.0,1463000000.0,0.55,0.55,0.55,27557000000.0,,27557000000.0,69600214947.0,11.0,9.934,987000000.0,0.57,1.0,3146000000.0,0.401,36876000000.0,164000000.0,24718000000.0,,3583000000.0,0.0,0.0,0.0,32324000000.0,10157000000.0,22167000000.0,56359214947.0,1339000000.0,-78000000.0,-7000000.0,1456000000.0,-261000000.0,408000000.0,-339000000.0,0.0,1264000000.0,6000000.0,949000000.0,949000000.0,949000000.0,0.0,0.0,0.121,1518000000.0,1628000000.0,3743000000.0,0.273,2.045,15.668,15.649,10018000000.0,0.0,32.55,1.892,1.892,3315000000.0,5926000000.0,7841000000.0,7841000000.0,0.0,,,,,0.0,1515000000.0,1.0,1731465897.0,1731465897.0,,4.529,23005000000.0,526000000.0,514000000.0,6110000000.0,13.286,-951000000.0
73,MDLZ,MRQ,2003-03-31,2003-03-31,2003-03-31,2021-08-25,-2342000000.0,57943000000.0,,7943000000.0,50000000000.0,,15.283,-220000000.0,167000000.0,167000000.0,4349000000.0,848000000.0,1.014,1.189,13408000000.0,895000000.0,12513000000.0,13408000000.0,0.0,193000000.0,0.0,0.021,0.15,1487000000.0,1680000000.0,0.228,1680000000.0,1487000000.0,1308000000.0,0.49,0.49,0.49,26476000000.0,,26476000000.0,62185384379.0,10.0,8.917,95000000.0,0.055,1.0,3010000000.0,0.409,36615000000.0,179000000.0,26739000000.0,,3682000000.0,0.0,0.0,0.0,31467000000.0,7830000000.0,23637000000.0,48852384379.0,-48000000.0,-5000000.0,-79000000.0,-235000000.0,-259000000.0,-140000000.0,-222000000.0,0.0,315000000.0,-1000000.0,848000000.0,848000000.0,848000000.0,0.0,0.0,0.115,1522000000.0,1488000000.0,2985000000.0,0.306,1.845,13.765,13.756,9687000000.0,0.0,28.2,1.658,1.658,3313000000.0,5221000000.0,7359000000.0,7359000000.0,0.0,,,,,0.0,1520000000.0,1.0,1732354056.0,1732354056.0,,4.248,21328000000.0,517000000.0,460000000.0,6098000000.0,12.312,113000000.0
74,MDLZ,MRQ,2002-12-31,2002-12-31,2002-12-31,2021-08-25,-2467000000.0,57100000000.0,,7456000000.0,49644000000.0,,14.914,-427000000.0,215000000.0,215000000.0,4549000000.0,931000000.0,1.04,1.21,13548000000.0,572000000.0,12976000000.0,13548000000.0,0.0,194000000.0,0.0,0.014,0.15,1573000000.0,1767000000.0,0.24,1767000000.0,1573000000.0,1387000000.0,0.54,0.54,0.54,25832000000.0,,25832000000.0,80769832522.0,13.0,11.931,1067000000.0,0.616,1.0,2823000000.0,0.383,36420000000.0,186000000.0,26844000000.0,,3382000000.0,0.0,0.0,0.0,31268000000.0,7169000000.0,24099000000.0,67427832522.0,88000000.0,132000000.0,-93000000.0,805000000.0,-260000000.0,-1125000000.0,-284000000.0,0.0,1494000000.0,3000000.0,931000000.0,931000000.0,931000000.0,-97000000.0,0.0,0.126,1342000000.0,1481000000.0,2834000000.0,0.278,2.61,19.867,19.862,9559000000.0,0.0,38.93,2.305,2.305,3116000000.0,4814000000.0,7372000000.0,7372000000.0,0.0,,,,,0.0,1428000000.0,1.0,1732027550.0,1732027550.0,,4.256,20680000000.0,511000000.0,456000000.0,5791000000.0,11.94,287000000.0
75,MDLZ,MRQ,2002-09-30,2002-09-30,2002-09-30,2021-08-25,-2384000000.0,56762000000.0,,7431000000.0,49331000000.0,,14.599,-314000000.0,127000000.0,127000000.0,4245000000.0,869000000.0,0.923,1.241,13469000000.0,598000000.0,12871000000.0,13469000000.0,0.0,178000000.0,0.0,0.015,0.15,1559000000.0,1737000000.0,0.241,1737000000.0,1559000000.0,1349000000.0,0.5,0.5,0.5,25329000000.0,,25329000000.0,76245100000.0,13.0,11.428,767000000.0,0.442,1.0,2971000000.0,0.412,36363000000.0,210000000.0,25694000000.0,,3588000000.0,0.0,0.0,0.0,31433000000.0,8047000000.0,23386000000.0,63258100000.0,-13000000.0,-56000000.0,-77000000.0,340000000.0,-225000000.0,-728000000.0,-363000000.0,0.0,1081000000.0,-3000000.0,869000000.0,869000000.0,869000000.0,0.0,0.0,0.12,1411000000.0,1560000000.0,3453000000.0,0.3,2.497,21.009,20.834,9367000000.0,0.0,36.46,2.15,2.15,3138000000.0,4143000000.0,7216000000.0,7216000000.0,0.0,,,,,0.0,1410000000.0,1.0,1735000000.0,1735000000.0,,4.159,20399000000.0,323000000.0,480000000.0,5673000000.0,11.757,-616000000.0
76,MDLZ,MRQ,2002-06-30,2002-06-30,2002-06-30,2021-08-25,-2350000000.0,56549000000.0,,7410000000.0,49139000000.0,,14.316,-248000000.0,140000000.0,140000000.0,4386000000.0,901000000.0,0.859,1.277,13127000000.0,579000000.0,12548000000.0,13127000000.0,0.0,172000000.0,0.0,0.01,0.13,1618000000.0,1790000000.0,0.238,1790000000.0,1618000000.0,1397000000.0,0.52,0.52,0.52,24839000000.0,,24839000000.0,84809250000.0,16.0,13.048,681000000.0,0.393,1.0,3127000000.0,0.416,36315000000.0,221000000.0,24592000000.0,,3376000000.0,0.0,0.0,0.0,31710000000.0,8629000000.0,23081000000.0,71048250000.0,-12000000.0,2000000.0,0.0,-2886000000.0,-226000000.0,-709000000.0,-234000000.0,0.0,929000000.0,2000000.0,901000000.0,901000000.0,901000000.0,0.0,0.0,0.12,1511000000.0,1616000000.0,4170000000.0,0.25,2.86,26.861,26.591,9288000000.0,0.0,40.95,2.431,2.431,3266000000.0,3534000000.0,7513000000.0,7513000000.0,0.0,,,,,0.0,1417000000.0,1.0,1735000000.0,1735000000.0,,4.33,20234000000.0,365000000.0,496000000.0,5635000000.0,11.662,-1219000000.0
77,MDLZ,MRQ,2002-03-31,2002-03-31,2002-03-31,2021-08-25,-2637000000.0,55837000000.0,,7311000000.0,48526000000.0,,13.762,-195000000.0,152000000.0,152000000.0,4283000000.0,693000000.0,0.751,1.339,13913000000.0,2109000000.0,11804000000.0,13913000000.0,0.0,172000000.0,0.0,0.007,0.13,1304000000.0,1476000000.0,0.207,1476000000.0,1304000000.0,1074000000.0,0.4,0.4,0.4,23877000000.0,,23877000000.0,81250750000.0,16.0,12.529,21000000.0,0.012,1.0,2864000000.0,0.401,35944000000.0,230000000.0,23916000000.0,,3309000000.0,0.0,0.0,0.0,31960000000.0,9738000000.0,22222000000.0,67057750000.0,-10000000.0,19000000.0,0.0,-429000000.0,-225000000.0,-54000000.0,-171000000.0,0.0,216000000.0,-1000000.0,693000000.0,693000000.0,693000000.0,0.0,0.0,0.097,1560000000.0,1304000000.0,3724000000.0,0.325,2.808,29.817,28.63,9094000000.0,0.0,38.65,2.298,2.298,3195000000.0,2859000000.0,7147000000.0,7147000000.0,0.0,,,,,0.0,1389000000.0,1.0,1735000000.0,1735000000.0,,4.119,19893000000.0,407000000.0,381000000.0,5573000000.0,11.466,-2427000000.0
78,MDLZ,MRQ,2001-12-31,2001-12-31,2001-12-31,2021-08-25,-2568000000.0,55798000000.0,,7006000000.0,48792000000.0,,13.532,-410000000.0,162000000.0,162000000.0,4656000000.0,548000000.0,0.789,1.377,14355000000.0,1221000000.0,13134000000.0,14355000000.0,0.0,418000000.0,0.0,0.004,0.13,1251000000.0,1669000000.0,0.221,1669000000.0,1251000000.0,1003000000.0,0.33,0.33,0.33,23478000000.0,,23478000000.0,73237050000.0,15.0,11.222,1506000000.0,0.868,1.0,2890000000.0,0.383,35957000000.0,248000000.0,25159000000.0,,3026000000.0,0.0,0.0,0.0,32320000000.0,8875000000.0,23445000000.0,59042050000.0,-13000000.0,-75000000.0,-10000000.0,16000000.0,-225000000.0,-1431000000.0,-499000000.0,0.0,1916000000.0,1000000.0,548000000.0,548000000.0,548000000.0,0.0,0.0,0.073,1647000000.0,1243000000.0,3549000000.0,0.394,2.515,31.372,29.085,9109000000.0,0.0,34.03,2.02,2.02,3131000000.0,2391000000.0,7546000000.0,7546000000.0,0.0,,,,,0.0,1322000000.0,1.0,1735000000.0,1735000000.0,,4.349,19841000000.0,466000000.0,455000000.0,5259000000.0,11.436,-1869000000.0
79,MDLZ,MRQ,2001-09-30,2001-09-30,2001-09-30,2021-08-25,-2417000000.0,51823000000.0,,7348000000.0,44475000000.0,,13.433,-243000000.0,175000000.0,175000000.0,4233000000.0,503000000.0,0.873,1.223,14370000000.0,716000000.0,13654000000.0,14370000000.0,0.0,389000000.0,0.0,0.0,0.0,1176000000.0,1565000000.0,0.223,1565000000.0,1176000000.0,920000000.0,0.29,0.29,0.29,23307000000.0,,23307000000.0,74030950000.0,16.0,12.257,541000000.0,0.312,1.0,2785000000.0,0.397,31472000000.0,256000000.0,26127000000.0,,3273000000.0,0.0,0.0,0.0,28516000000.0,8419000000.0,20097000000.0,59631950000.0,-12000000.0,-10000000.0,-8000000.0,-265000000.0,0.0,-587000000.0,-208000000.0,0.0,784000000.0,-1000000.0,503000000.0,503000000.0,503000000.0,0.0,0.0,0.072,1609000000.0,1176000000.0,3919000000.0,0.0,2.559,34.095,30.416,9090000000.0,0.0,34.37,2.389,2.389,3121000000.0,2069000000.0,7018000000.0,7018000000.0,0.0,,,,,0.0,1370000000.0,1.0,1735000000.0,1735000000.0,,4.045,20351000000.0,547000000.0,417000000.0,2008000000.0,11.73,-1071000000.0
80,MDLZ,MRQ,2001-06-30,2001-06-30,2001-06-30,2021-08-25,-2439000000.0,51758000000.0,,7387000000.0,44371000000.0,,13.261,-274000000.0,187000000.0,187000000.0,4402000000.0,505000000.0,0.91,1.25,14586000000.0,350000000.0,14236000000.0,14586000000.0,0.0,410000000.0,0.0,0.0,0.0,1365000000.0,1775000000.0,0.238,1775000000.0,1365000000.0,914000000.0,0.33,0.33,0.33,23008000000.0,,23008000000.0,78226000000.0,18.0,13.508,352000000.0,0.203,1.0,3071000000.0,0.411,31388000000.0,451000000.0,26649000000.0,,3168000000.0,0.0,0.0,0.0,28750000000.0,8120000000.0,20630000000.0,53785000000.0,24000000.0,-55000000.0,8443000000.0,-9869000000.0,0.0,-277000000.0,-321000000.0,0.0,626000000.0,-4000000.0,505000000.0,505000000.0,505000000.0,0.0,0.0,0.068,1706000000.0,1365000000.0,4133000000.0,0.0,2.338,29.98,25.41,9146000000.0,0.0,31.0,2.226,2.226,3212000000.0,1792000000.0,7473000000.0,7473000000.0,0.0,,,,,0.0,1466000000.0,1.0,1735000000.0,1735000000.0,,4.307,20370000000.0,605000000.0,409000000.0,2019000000.0,11.741,-733000000.0
81,MDLZ,MRQ,2001-03-31,2001-03-31,2001-03-31,2021-08-25,-2227000000.0,52053000000.0,,7432000000.0,44621000000.0,,8.254,-174000000.0,163000000.0,163000000.0,4275000000.0,326000000.0,1.0,2.635,24604000000.0,493000000.0,24111000000.0,24604000000.0,0.0,425000000.0,0.0,,0.0,1092000000.0,1517000000.0,0.211,1517000000.0,1092000000.0,610000000.0,0.22,0.22,0.22,14321000000.0,,14321000000.0,,,,-172000000.0,-0.099,1.0,2922000000.0,0.406,31423000000.0,482000000.0,37638000000.0,,3257000000.0,0.0,0.0,0.0,37732000000.0,7433000000.0,30299000000.0,,-28000000.0,-33000000.0,0.0,-355000000.0,0.0,164000000.0,-194000000.0,0.0,2000000.0,0.0,326000000.0,326000000.0,326000000.0,0.0,0.0,0.045,1830000000.0,1092000000.0,3176000000.0,0.0,,,,9344000000.0,0.0,,,,3289000000.0,1318000000.0,7197000000.0,7197000000.0,0.0,,,,,0.0,1590000000.0,1.0,1735000000.0,1735000000.0,,4.148,20630000000.0,433000000.0,284000000.0,1701000000.0,11.89,-1000000.0
82,MDLZ,MRQ,2000-12-31,2000-12-31,2000-12-31,2021-08-25,-2174000000.0,52071000000.0,,7152000000.0,44919000000.0,,8.097,-338000000.0,191000000.0,191000000.0,3764000000.0,415000000.0,0.942,2.707,24961000000.0,859000000.0,24102000000.0,24961000000.0,0.0,258000000.0,0.0,,0.0,925000000.0,1183000000.0,0.361,1183000000.0,925000000.0,709000000.0,0.29,0.29,0.29,14048000000.0,,14048000000.0,,,,794000000.0,0.458,1.0,-491000000.0,-0.15,31584000000.0,216000000.0,37667000000.0,,3041000000.0,0.0,0.0,0.0,38023000000.0,7590000000.0,30433000000.0,,85000000.0,-15159000000.0,0.0,14195000000.0,-9000000.0,14427000000.0,-15475000000.0,0.0,1132000000.0,1000000.0,415000000.0,415000000.0,415000000.0,0.0,0.0,0.127,-1244000000.0,753000000.0,2836000000.0,0.0,,,,9405000000.0,0.0,,,,3231000000.0,992000000.0,3273000000.0,3273000000.0,0.0,,,,,0.0,-1376000000.0,1.0,1735000000.0,1735000000.0,,1.886,20487000000.0,504000000.0,294000000.0,1704000000.0,11.808,-438000000.0
83,MDLZ,MRQ,2000-09-30,2000-09-30,2000-09-30,2021-08-25,,,,,,,,-245000000.0,,,3257000000.0,548000000.0,,,,,,,,259000000.0,,,0.0,1057000000.0,1316000000.0,0.212,1316000000.0,1057000000.0,935000000.0,0.38,0.38,0.38,,,,,,,425000000.0,,1.0,2958000000.0,0.476,,122000000.0,,,,,,,,,,,-247000000.0,244000000.0,0.0,-137000000.0,0.0,-893000000.0,-23000000.0,0.0,670000000.0,-1000000.0,548000000.0,548000000.0,548000000.0,0.0,0.0,0.088,1901000000.0,1057000000.0,,0.0,,,,,0.0,,,,,,6215000000.0,6215000000.0,0.0,,,,,0.0,1765000000.0,1.0,,,,,,,387000000.0,,,
84,MDLZ,MRQ,2000-06-30,2000-06-30,2000-06-30,2021-08-25,,,,,,,,-203000000.0,,,3557000000.0,568000000.0,,,,,,,,257000000.0,,,0.0,1101000000.0,1358000000.0,0.195,1358000000.0,1101000000.0,969000000.0,0.39,0.39,0.39,,,,,,,701000000.0,,1.0,3417000000.0,0.49,,132000000.0,,,,,,,,,,,223000000.0,17000000.0,0.0,-4000000.0,-1000000000.0,-480000000.0,-200000000.0,0.0,904000000.0,-1000000.0,568000000.0,568000000.0,568000000.0,0.0,0.0,0.081,2316000000.0,1101000000.0,,0.0,,,,,0.0,,,,,,6974000000.0,6974000000.0,0.0,,,,,0.0,2182000000.0,1.0,,,,,,,401000000.0,,,
85,MDLZ,MRQ,2000-03-31,2000-03-31,2000-03-31,2021-08-25,,,,,,,,-120000000.0,,,3381000000.0,470000000.0,,,,,,,,260000000.0,,,0.0,929000000.0,1189000000.0,0.184,1189000000.0,929000000.0,802000000.0,0.32,0.32,0.32,,,,,,,428000000.0,,1.0,3079000000.0,0.477,,127000000.0,,,,,,,,,,,35000000.0,-326000000.0,0.0,-19000000.0,0.0,-72000000.0,-440000000.0,0.0,548000000.0,-1000000.0,470000000.0,470000000.0,470000000.0,0.0,0.0,0.073,2150000000.0,929000000.0,,0.0,,,,,0.0,,,,,,6460000000.0,6460000000.0,0.0,,,,,0.0,2017000000.0,1.0,,,,,,,332000000.0,,,
86,MDLZ,MRQ,1999-12-31,1999-12-31,1999-12-31,2021-08-25,-1769000000.0,30336000000.0,,5890000000.0,24446000000.0,,,,95000000.0,95000000.0,,,1.096,1.254,7140000000.0,105000000.0,7035000000.0,7140000000.0,0.0,,0.0,,0.0,,,,,,,,,,13461000000.0,,13461000000.0,,,,,,1.0,,,15296000000.0,,16712000000.0,,2563000000.0,0.0,0.0,0.0,16875000000.0,5373000000.0,11502000000.0,,,,,,,,,,,,,,,,,,,,2249000000.0,,,,,6526000000.0,,,,,2755000000.0,,,,,,,,,,,1.0,,,,,15040000000.0,356000000.0,,1432000000.0,,517000000.0
0,MDLZ,MRT,2021-06-30,2021-06-30,2021-06-30,2021-08-25,-10572000000.0,66477000000.0,66721250000.0,8654000000.0,57823000000.0,0.417,19.608,-818000000.0,1938000000.0,1938000000.0,16582000000.0,4328000000.0,0.614,1.411,19504000000.0,1969000000.0,17535000000.0,19504000000.0,0.0,1152000000.0,0.0,0.02,1.26,6268000000.0,7420000000.0,0.266,7420000000.0,6268000000.0,5659000000.0,3.03,3.03,3.03,27543000000.0,27284750000.0,27543000000.0,105659168827.0,17.0,14.24,3380000000.0,2.406,1.0,11261000000.0,0.404,40961000000.0,609000000.0,28997000000.0,29864000000.0,2925000000.0,5586000000.0,0.0,5586000000.0,38857000000.0,14085000000.0,24772000000.0,87710168827.0,338000000.0,2080000000.0,-2168000000.0,-1474000000.0,-1755000000.0,-5262000000.0,1317000000.0,0.0,4198000000.0,85000000.0,4314000000.0,4314000000.0,4314000000.0,0.0,14000000.0,0.155,6822000000.0,4439000000.0,6375000000.0,0.416,3.184,20.332,20.607,9510000000.0,0.0,62.44,3.15,3.15,2913000000.0,29538000000.0,27843000000.0,27843000000.0,0.0,0.065,0.158,0.21,0.225,126000000.0,6265000000.0,1.0,1404711224.0,1404711224.0,,19.821,25516000000.0,723000000.0,1345000000.0,3436000000.0,18.165,-5431000000.0
1,MDLZ,MRT,2021-03-31,2021-03-31,2021-03-31,2021-08-25,-10746000000.0,66349000000.0,66150500000.0,8843000000.0,57506000000.0,0.41,19.173,-855000000.0,2028000000.0,2028000000.0,16151000000.0,3794000000.0,0.608,1.448,19977000000.0,2569000000.0,17408000000.0,19977000000.0,0.0,1144000000.0,0.0,0.021,1.23,5704000000.0,6848000000.0,0.253,6848000000.0,5704000000.0,5068000000.0,2.64,2.65,2.64,27075000000.0,26903500000.0,27075000000.0,99548065138.0,17.0,14.537,3740000000.0,2.649,1.0,10961000000.0,0.404,40472000000.0,636000000.0,29276000000.0,29955250000.0,2635000000.0,5916000000.0,0.0,5916000000.0,39200000000.0,14550000000.0,24650000000.0,82651065138.0,107000000.0,678000000.0,-1716000000.0,-1078000000.0,-1722000000.0,-4451000000.0,-135000000.0,0.0,4595000000.0,98000000.0,3780000000.0,3780000000.0,3780000000.0,0.0,14000000.0,0.139,6681000000.0,4280000000.0,6372000000.0,0.466,3.053,21.865,22.17,9375000000.0,0.0,58.53,3.049,3.049,3315000000.0,28903000000.0,27112000000.0,27112000000.0,0.0,0.057,0.141,0.19,0.21,123000000.0,6125000000.0,1.0,1412114559.0,1412114559.0,,19.2,25877000000.0,725000000.0,1288000000.0,3353000000.0,18.325,-5707000000.0
2,MDLZ,MRT,2020-12-31,2020-12-31,2020-12-31,2021-08-25,-10690000000.0,67810000000.0,65462750000.0,9979000000.0,57831000000.0,0.406,19.283,-853000000.0,3619000000.0,3619000000.0,16135000000.0,3569000000.0,0.658,1.456,20516000000.0,2770000000.0,17746000000.0,20516000000.0,0.0,1116000000.0,0.0,0.021,1.2,5387000000.0,6503000000.0,0.245,6503000000.0,5387000000.0,4779000000.0,2.48,2.47,2.48,27578000000.0,26553250000.0,27578000000.0,101460616753.0,19.0,15.602,3111000000.0,2.175,1.0,10446000000.0,0.393,40377000000.0,608000000.0,29171000000.0,29487500000.0,2647000000.0,6036000000.0,0.0,6036000000.0,40156000000.0,15159000000.0,24997000000.0,83621616753.0,2322000000.0,1353000000.0,-1390000000.0,722000000.0,-1678000000.0,-2215000000.0,500000000.0,0.0,3964000000.0,73000000.0,3555000000.0,3555000000.0,3555000000.0,0.0,14000000.0,0.134,6593000000.0,3853000000.0,6209000000.0,0.484,3.032,23.522,23.577,9664000000.0,0.0,58.47,3.146,3.146,2954000000.0,28402000000.0,26581000000.0,26581000000.0,0.0,0.054,0.134,0.183,0.203,126000000.0,6098000000.0,1.0,1430162763.0,1430162763.0,,18.586,27433000000.0,790000000.0,1224000000.0,3346000000.0,19.182,-5180000000.0
3,MDLZ,MRT,2020-09-30,2020-09-30,2020-09-30,2021-08-25,-11255000000.0,66249000000.0,64639000000.0,9446000000.0,56803000000.0,0.405,18.863,-787000000.0,2759000000.0,2759000000.0,15863000000.0,3146000000.0,0.745,1.456,20598000000.0,1198000000.0,19400000000.0,20598000000.0,0.0,1083000000.0,0.0,0.02,1.17,4676000000.0,5759000000.0,0.22,5759000000.0,4676000000.0,4242000000.0,2.18,2.17,2.18,26943000000.0,26469000000.0,26943000000.0,100639037863.0,22.0,17.475,3611000000.0,2.528,1.0,10333000000.0,0.394,39391000000.0,434000000.0,32012000000.0,29176250000.0,2840000000.0,6488000000.0,0.0,6488000000.0,39221000000.0,12685000000.0,26536000000.0,82058037863.0,1253000000.0,216000000.0,-1057000000.0,10000000.0,-1638000000.0,-2596000000.0,-582000000.0,0.0,4398000000.0,33000000.0,3132000000.0,3132000000.0,3132000000.0,0.0,14000000.0,0.12,6723000000.0,3610000000.0,5597000000.0,0.537,3.046,26.2,26.353,9194000000.0,0.0,57.45,3.132,3.132,3056000000.0,27702000000.0,26196000000.0,26196000000.0,0.0,0.048,0.118,0.16,0.179,131000000.0,6224000000.0,1.0,1428338344.0,1428338344.0,,18.34,26858000000.0,799000000.0,1110000000.0,3387000000.0,18.804,-3239000000.0
4,MDLZ,MRT,2020-06-30,2020-06-30,2020-06-30,2021-08-25,-11419000000.0,64194000000.0,64050500000.0,7995000000.0,56199000000.0,0.404,18.227,-823000000.0,1602000000.0,1602000000.0,15829000000.0,3455000000.0,0.55,1.464,20183000000.0,3700000000.0,16483000000.0,20183000000.0,0.0,1058000000.0,0.0,0.022,1.14,4075000000.0,5133000000.0,0.198,5133000000.0,4075000000.0,3525000000.0,2.39,2.37,2.39,26018000000.0,26434750000.0,26018000000.0,91284237490.0,22.0,17.784,3654000000.0,2.56,1.0,10057000000.0,0.389,38874000000.0,550000000.0,29362000000.0,27943250000.0,2710000000.0,6659000000.0,0.0,6659000000.0,38097000000.0,14539000000.0,23558000000.0,72986237490.0,383000000.0,-842000000.0,-1260000000.0,371000000.0,-1605000000.0,-2329000000.0,-1730000000.0,0.0,4477000000.0,-35000000.0,3439000000.0,3439000000.0,3439000000.0,0.0,16000000.0,0.133,6709000000.0,3348000000.0,5466000000.0,0.477,2.805,21.223,21.393,9010000000.0,0.0,51.13,2.82,2.82,2610000000.0,27040000000.0,25886000000.0,25886000000.0,0.0,0.054,0.13,0.146,0.157,127000000.0,6206000000.0,1.0,1427464062.0,1427464062.0,,18.134,25320000000.0,785000000.0,86000000.0,3383000000.0,17.738,-6544000000.0
5,MDLZ,MRT,2020-03-31,2020-03-31,2020-03-31,2021-08-25,-11625000000.0,63598000000.0,63895250000.0,9068000000.0,54530000000.0,0.407,17.917,-792000000.0,1925000000.0,1925000000.0,15842000000.0,3714000000.0,0.533,1.474,20223000000.0,6436000000.0,13787000000.0,20223000000.0,0.0,1045000000.0,0.0,0.022,1.115,4225000000.0,5270000000.0,0.202,5270000000.0,4225000000.0,3659000000.0,2.57,2.54,2.57,25674000000.0,26453500000.0,25674000000.0,89299785740.0,21.0,16.945,2992000000.0,2.088,1.0,10195000000.0,0.392,37487000000.0,566000000.0,27405000000.0,26990000000.0,2441000000.0,6887000000.0,0.0,6887000000.0,37846000000.0,17004000000.0,20842000000.0,71761785740.0,410000000.0,68000000.0,-1554000000.0,319000000.0,-1571000000.0,-2533000000.0,-792000000.0,0.0,3784000000.0,-49000000.0,3698000000.0,3698000000.0,3698000000.0,0.0,16000000.0,0.142,6576000000.0,3619000000.0,5554000000.0,0.434,2.795,19.406,19.486,8644000000.0,0.0,50.08,2.756,2.756,3298000000.0,26961000000.0,26037000000.0,26037000000.0,0.0,0.058,0.14,0.157,0.162,131000000.0,6180000000.0,1.0,1432943006.0,1432943006.0,,18.17,26111000000.0,708000000.0,-39000000.0,3308000000.0,18.222,-7936000000.0
6,MDLZ,MRT,2019-12-31,2019-12-31,2019-12-31,2021-08-25,-10254000000.0,64515000000.0,64036250000.0,7630000000.0,56885000000.0,0.404,18.92,-843000000.0,1291000000.0,1291000000.0,15531000000.0,3944000000.0,0.498,1.366,18829000000.0,4219000000.0,14610000000.0,18829000000.0,0.0,1047000000.0,0.0,0.02,1.09,4387000000.0,5434000000.0,0.21,5434000000.0,4387000000.0,3931000000.0,2.72,2.69,2.72,27241000000.0,26492000000.0,27241000000.0,97717526355.0,22.0,17.983,3122000000.0,2.168,1.0,10337000000.0,0.4,38805000000.0,456000000.0,27926000000.0,26675000000.0,2546000000.0,7178000000.0,0.0,7178000000.0,37198000000.0,15322000000.0,21876000000.0,79305526355.0,228000000.0,-117000000.0,-1480000000.0,-78000000.0,-1542000000.0,-2787000000.0,-960000000.0,0.0,3965000000.0,10000000.0,3929000000.0,3929000000.0,3929000000.0,0.0,15000000.0,0.152,6538000000.0,3799000000.0,5853000000.0,0.401,2.911,20.185,20.25,9301000000.0,0.0,55.08,3.066,3.066,2927000000.0,26615000000.0,25868000000.0,25868000000.0,0.0,0.061,0.148,0.164,0.17,135000000.0,6136000000.0,1.0,1439824371.0,1439824371.0,,17.966,25710000000.0,726000000.0,2000000.0,3338000000.0,17.856,-7692000000.0
7,MDLZ,MRT,2019-09-30,2019-09-30,2019-09-30,2021-08-25,-10717000000.0,63895000000.0,63589750000.0,8630000000.0,55265000000.0,0.405,18.588,-709000000.0,1537000000.0,1537000000.0,15601000000.0,3917000000.0,0.504,1.381,19949000000.0,6927000000.0,13022000000.0,19949000000.0,0.0,975000000.0,0.0,0.019,1.065,4277000000.0,5252000000.0,0.204,5252000000.0,4277000000.0,3785000000.0,2.7,2.67,2.7,26806000000.0,26091000000.0,26806000000.0,98197765715.0,23.0,18.697,3236000000.0,2.244,1.0,10127000000.0,0.394,38107000000.0,492000000.0,27080000000.0,25827750000.0,2742000000.0,7040000000.0,0.0,7040000000.0,37021000000.0,17120000000.0,19901000000.0,79779765715.0,164000000.0,-117000000.0,-1513000000.0,-370000000.0,-1510000000.0,-3008000000.0,-757000000.0,0.0,3945000000.0,-16000000.0,3902000000.0,3902000000.0,3902000000.0,0.0,15000000.0,0.152,6364000000.0,3763000000.0,5322000000.0,0.394,2.976,20.446,20.489,8912000000.0,0.0,55.32,3.101,3.101,3175000000.0,26345000000.0,25728000000.0,25728000000.0,0.0,0.061,0.15,0.166,0.166,137000000.0,5922000000.0,1.0,1442150501.0,1442150501.0,,17.84,25788000000.0,696000000.0,-117000000.0,3232000000.0,17.882,-8490000000.0
8,MDLZ,MRT,2019-06-30,2019-06-30,2019-06-30,2021-08-25,-10541000000.0,63573000000.0,63595500000.0,7836000000.0,55737000000.0,0.404,18.115,-649000000.0,1248000000.0,1248000000.0,15636000000.0,3683000000.0,0.44,1.433,19666000000.0,7455000000.0,12211000000.0,19666000000.0,0.0,921000000.0,0.0,0.019,1.04,4869000000.0,5790000000.0,0.226,5790000000.0,4869000000.0,4496000000.0,2.52,2.5,2.52,26093000000.0,25753750000.0,26093000000.0,95987488057.0,20.0,16.578,3163000000.0,2.196,1.0,10025000000.0,0.391,38644000000.0,373000000.0,25549000000.0,26074000000.0,2731000000.0,7095000000.0,0.0,7095000000.0,37399000000.0,17798000000.0,19601000000.0,77639488057.0,2000000.0,164000000.0,-1783000000.0,-474000000.0,-1458000000.0,-3357000000.0,-450000000.0,0.0,3812000000.0,-3000000.0,3670000000.0,3670000000.0,3670000000.0,0.0,13000000.0,0.143,6398000000.0,3627000000.0,5312000000.0,0.413,2.975,21.155,21.389,9187000000.0,0.0,53.9,3.026,3.026,2891000000.0,25348000000.0,25661000000.0,25661000000.0,0.0,0.058,0.143,0.187,0.19,132000000.0,5964000000.0,1.0,1440435771.0,1440435771.0,,17.815,24929000000.0,263000000.0,826000000.0,3591000000.0,17.307,-9962000000.0
9,MDLZ,MRT,2019-03-31,2019-03-31,2019-03-31,2021-08-25,-10498000000.0,64162000000.0,63445750000.0,8539000000.0,55623000000.0,0.405,17.884,-688000000.0,1542000000.0,1542000000.0,15615000000.0,3199000000.0,0.482,1.481,19890000000.0,6983000000.0,12907000000.0,19890000000.0,0.0,862000000.0,0.0,0.02,1.0,4330000000.0,5192000000.0,0.202,5192000000.0,4330000000.0,3810000000.0,2.18,2.16,2.18,25828000000.0,25531250000.0,25828000000.0,89364938894.0,21.0,17.212,3318000000.0,2.298,1.0,10096000000.0,0.393,38644000000.0,520000000.0,26145000000.0,26497500000.0,2620000000.0,7004000000.0,0.0,7004000000.0,38253000000.0,17721000000.0,20532000000.0,72092938894.0,412000000.0,-527000000.0,-2139000000.0,915000000.0,-1409000000.0,-2357000000.0,-1173000000.0,0.0,4006000000.0,-64000000.0,3185000000.0,3185000000.0,3185000000.0,0.0,14000000.0,0.124,6972000000.0,3124000000.0,5566000000.0,0.459,2.791,22.635,22.899,9156000000.0,0.0,49.92,2.804,2.804,3536000000.0,24954000000.0,25711000000.0,25711000000.0,0.0,0.05,0.125,0.163,0.168,132000000.0,6441000000.0,1.0,1444169449.0,1444169449.0,,17.803,25518000000.0,270000000.0,625000000.0,3546000000.0,17.67,-9182000000.0
10,MDLZ,MRT,2018-12-31,2018-12-31,2018-12-31,2021-08-25,-10630000000.0,62729000000.0,63531000000.0,7604000000.0,55125000000.0,0.408,17.634,-697000000.0,1100000000.0,1100000000.0,15586000000.0,3331000000.0,0.454,1.444,18372000000.0,5840000000.0,12532000000.0,18372000000.0,0.0,811000000.0,0.0,0.024,0.96,4610000000.0,5421000000.0,0.209,5421000000.0,4610000000.0,4090000000.0,2.25,2.23,2.25,25637000000.0,25687250000.0,25637000000.0,76888031662.0,17.0,14.183,3251000000.0,2.236,1.0,10352000000.0,0.399,38727000000.0,520000000.0,24537000000.0,26274250000.0,2592000000.0,7123000000.0,0.0,7123000000.0,37016000000.0,16737000000.0,20279000000.0,58197031662.0,339000000.0,-527000000.0,-2020000000.0,839000000.0,-1359000000.0,-2329000000.0,-1224000000.0,0.0,3948000000.0,-56000000.0,3317000000.0,3317000000.0,3317000000.0,0.0,14000000.0,0.128,7040000000.0,3312000000.0,5794000000.0,0.427,2.27,17.545,17.791,8482000000.0,0.0,40.03,2.244,2.244,3006000000.0,24491000000.0,25938000000.0,25938000000.0,0.0,0.052,0.129,0.175,0.178,128000000.0,6475000000.0,1.0,1453835415.0,1453835415.0,,17.841,24002000000.0,255000000.0,773000000.0,3552000000.0,16.509,-9133000000.0
11,MDLZ,MRT,2018-09-30,2018-09-30,2018-09-30,2021-08-25,-10642000000.0,63918000000.0,63588000000.0,8722000000.0,55196000000.0,0.411,17.358,-935000000.0,1373000000.0,1373000000.0,15675000000.0,3272000000.0,0.562,1.508,20064000000.0,5212000000.0,14852000000.0,20064000000.0,0.0,825000000.0,0.0,0.021,0.92,4605000000.0,5430000000.0,0.208,5430000000.0,4605000000.0,4071000000.0,2.19,2.18,2.19,25457000000.0,25776500000.0,25457000000.0,81468460517.0,18.0,15.003,2746000000.0,1.872,1.0,10456000000.0,0.4,39036000000.0,534000000.0,28065000000.0,26222750000.0,2842000000.0,7006000000.0,0.0,7006000000.0,38386000000.0,15508000000.0,22878000000.0,63003460517.0,529000000.0,-440000000.0,-2038000000.0,1431000000.0,-1309000000.0,-1720000000.0,-1375000000.0,0.0,3681000000.0,-57000000.0,3253000000.0,3253000000.0,3253000000.0,0.0,19000000.0,0.124,7186000000.0,3270000000.0,5374000000.0,0.42,2.475,19.368,19.616,8403000000.0,0.0,42.96,2.411,2.411,3577000000.0,24075000000.0,26131000000.0,26131000000.0,0.0,0.051,0.126,0.176,0.176,125000000.0,6601000000.0,1.0,1466560999.0,1466560999.0,,17.818,24882000000.0,236000000.0,818000000.0,3558000000.0,16.966,-6786000000.0
12,MDLZ,MRT,2018-06-30,2018-06-30,2018-06-30,2021-08-25,-10526000000.0,62974000000.0,63431250000.0,8202000000.0,54772000000.0,0.416,17.086,-963000000.0,1246000000.0,1246000000.0,15782000000.0,3057000000.0,0.553,1.495,19711000000.0,4854000000.0,14857000000.0,19711000000.0,0.0,828000000.0,0.0,0.021,0.88,4287000000.0,5115000000.0,0.194,5115000000.0,4287000000.0,3820000000.0,2.03,2.01,2.03,25203000000.0,25920000000.0,25203000000.0,78135789722.0,18.0,15.276,2550000000.0,1.729,1.0,10591000000.0,0.402,39364000000.0,467000000.0,27243000000.0,25540500000.0,2683000000.0,6223000000.0,0.0,6223000000.0,37687000000.0,14832000000.0,22855000000.0,60477789722.0,-151000000.0,-93000000.0,-2282000000.0,783000000.0,-1274000000.0,-2596000000.0,-1056000000.0,0.0,3513000000.0,-12000000.0,3040000000.0,3040000000.0,3040000000.0,0.0,17000000.0,0.115,7074000000.0,3517000000.0,5248000000.0,0.433,2.4,19.894,20.197,8384000000.0,0.0,41.0,2.293,2.293,3234000000.0,23305000000.0,26373000000.0,26373000000.0,0.0,0.048,0.117,0.168,0.163,127000000.0,6431000000.0,1.0,1475068042.0,1475068042.0,,17.879,23610000000.0,259000000.0,780000000.0,3395000000.0,16.006,-6630000000.0
13,MDLZ,MRT,2018-03-31,2018-03-31,2018-03-31,2021-08-25,-9858000000.0,64503000000.0,63377000000.0,8370000000.0,56133000000.0,0.414,17.785,-892000000.0,1130000000.0,1130000000.0,15882000000.0,3237000000.0,0.498,1.435,18788000000.0,5608000000.0,13180000000.0,18788000000.0,0.0,823000000.0,0.0,0.02,0.85,4412000000.0,5235000000.0,0.199,5235000000.0,4412000000.0,4069000000.0,2.14,2.12,2.14,26452000000.0,26049250000.0,26452000000.0,78957216886.0,18.0,15.083,2665000000.0,1.792,1.0,10365000000.0,0.395,40111000000.0,343000000.0,25252000000.0,25017000000.0,2620000000.0,6347000000.0,0.0,6347000000.0,37953000000.0,16798000000.0,21155000000.0,62066216886.0,-177000000.0,604000000.0,-2240000000.0,-273000000.0,-1236000000.0,-3510000000.0,-288000000.0,0.0,3557000000.0,64000000.0,3220000000.0,3220000000.0,3220000000.0,0.0,17000000.0,0.123,6690000000.0,3675000000.0,5727000000.0,0.397,2.346,19.275,19.5,8792000000.0,0.0,41.73,2.365,2.365,3954000000.0,23315000000.0,26247000000.0,26247000000.0,0.0,0.051,0.124,0.176,0.168,126000000.0,5982000000.0,1.0,1487328466.0,1487328466.0,,17.647,24392000000.0,301000000.0,849000000.0,3419000000.0,16.4,-8428000000.0
14,MDLZ,MRT,2017-12-31,2017-12-31,2017-12-31,2021-08-25,-9997000000.0,62957000000.0,62770250000.0,7520000000.0,55437000000.0,0.413,17.394,-905000000.0,761000000.0,761000000.0,15862000000.0,2842000000.0,0.476,1.419,17652000000.0,4680000000.0,12972000000.0,17652000000.0,0.0,816000000.0,0.0,0.019,0.82,3876000000.0,4692000000.0,0.181,4692000000.0,3876000000.0,3494000000.0,1.87,1.85,1.87,25994000000.0,25850750000.0,25994000000.0,81748831994.0,21.0,17.423,1688000000.0,1.13,1.0,10034000000.0,0.387,39724000000.0,382000000.0,24331000000.0,25022500000.0,2557000000.0,6193000000.0,0.0,6193000000.0,36883000000.0,15793000000.0,21090000000.0,63959831994.0,-980000000.0,604000000.0,-2174000000.0,-196000000.0,-1198000000.0,-3361000000.0,-301000000.0,0.0,2593000000.0,89000000.0,2828000000.0,2828000000.0,2828000000.0,0.0,14000000.0,0.109,6758000000.0,3276000000.0,5705000000.0,0.439,2.461,22.617,22.888,8677000000.0,0.0,42.8,2.47,2.47,3526000000.0,22631000000.0,25896000000.0,25896000000.0,0.0,0.045,0.109,0.155,0.15,137000000.0,5938000000.0,1.0,1494388598.0,1494388598.0,,17.329,23233000000.0,319000000.0,666000000.0,3341000000.0,15.547,-8273000000.0
15,MDLZ,MRT,2017-09-30,2017-09-30,2017-09-30,2021-08-25,-9917000000.0,63291000000.0,62415500000.0,8155000000.0,55136000000.0,0.412,17.266,-934000000.0,844000000.0,844000000.0,15754000000.0,2184000000.0,0.509,1.429,18633000000.0,5715000000.0,12918000000.0,18633000000.0,0.0,812000000.0,0.0,0.019,0.79,3432000000.0,4244000000.0,0.165,4244000000.0,3432000000.0,2595000000.0,1.44,1.42,1.44,26031000000.0,25642500000.0,26031000000.0,78684639594.0,23.0,18.54,1563000000.0,1.037,1.0,9946000000.0,0.387,39709000000.0,837000000.0,25336000000.0,24990250000.0,2781000000.0,6060000000.0,0.0,6060000000.0,37192000000.0,16035000000.0,21157000000.0,61300639594.0,-842000000.0,298000000.0,-2660000000.0,930000000.0,-1162000000.0,-2680000000.0,-636000000.0,0.0,2497000000.0,-23000000.0,2178000000.0,2178000000.0,2178000000.0,0.0,6000000.0,0.085,7015000000.0,2931000000.0,5139000000.0,0.549,2.355,28.145,28.236,8538000000.0,0.0,40.66,2.385,2.385,3913000000.0,22296000000.0,25700000000.0,25700000000.0,0.0,0.035,0.085,0.137,0.134,142000000.0,5987000000.0,1.0,1507639931.0,1507639931.0,,17.047,23582000000.0,332000000.0,417000000.0,4664000000.0,15.642,-7880000000.0
16,MDLZ,MRT,2017-06-30,2017-06-30,2017-06-30,2021-08-25,-10217000000.0,62757000000.0,62409000000.0,8193000000.0,54564000000.0,0.41,16.951,-1036000000.0,1397000000.0,1397000000.0,15681000000.0,1750000000.0,0.526,1.437,18781000000.0,5555000000.0,13226000000.0,18781000000.0,0.0,810000000.0,0.0,0.018,0.76,2893000000.0,3703000000.0,0.145,3703000000.0,2893000000.0,1930000000.0,1.14,1.13,1.14,25720000000.0,26012000000.0,25720000000.0,82598244249.0,29.0,22.306,1727000000.0,1.138,1.0,9885000000.0,0.387,39429000000.0,963000000.0,25149000000.0,24970250000.0,2710000000.0,5853000000.0,0.0,5853000000.0,36965000000.0,15563000000.0,21402000000.0,65531244249.0,-358000000.0,226000000.0,-2358000000.0,1001000000.0,-1138000000.0,-2266000000.0,-810000000.0,0.0,2763000000.0,-45000000.0,1745000000.0,1745000000.0,1745000000.0,0.0,5000000.0,0.068,7236000000.0,2649000000.0,5012000000.0,0.667,2.548,37.554,37.886,8444000000.0,0.0,43.19,2.563,2.563,3308000000.0,21648000000.0,25566000000.0,25566000000.0,0.0,0.028,0.067,0.116,0.113,145000000.0,6201000000.0,1.0,1517278172.0,1517278172.0,,16.85,23328000000.0,347000000.0,185000000.0,4587000000.0,15.375,-7370000000.0
17,MDLZ,MRT,2017-03-31,2017-03-31,2017-03-31,2021-08-25,-10564000000.0,62076000000.0,62537500000.0,8415000000.0,53661000000.0,0.414,16.807,-1057000000.0,1307000000.0,1307000000.0,15795000000.0,1721000000.0,0.559,1.417,18374000000.0,5468000000.0,12906000000.0,18374000000.0,0.0,816000000.0,0.0,0.017,0.74,2920000000.0,3736000000.0,0.144,3736000000.0,2920000000.0,1930000000.0,1.11,1.1,1.11,25658000000.0,26480000000.0,25658000000.0,81224452241.0,28.0,21.741,1678000000.0,1.099,1.0,10087000000.0,0.39,38812000000.0,990000000.0,25274000000.0,25252500000.0,2603000000.0,5594000000.0,0.0,5594000000.0,36357000000.0,15057000000.0,21300000000.0,65766452241.0,-31000000.0,57000000.0,-1875000000.0,1068000000.0,-1117000000.0,-1691000000.0,-1000000000.0,0.0,2735000000.0,-75000000.0,1711000000.0,1711000000.0,1711000000.0,0.0,10000000.0,0.066,7439000000.0,2648000000.0,4897000000.0,0.667,2.563,38.437,38.811,8377000000.0,0.0,43.08,2.541,2.541,3864000000.0,21468000000.0,25882000000.0,25882000000.0,0.0,0.027,0.065,0.116,0.113,149000000.0,6414000000.0,1.0,1526612169.0,1526612169.0,,16.954,23264000000.0,359000000.0,219000000.0,4676000000.0,15.239,-6642000000.0
18,MDLZ,MRT,2016-12-31,2016-12-31,2016-12-31,2021-08-25,-11122000000.0,61538000000.0,63012250000.0,8480000000.0,53058000000.0,0.411,16.292,-1086000000.0,1741000000.0,1741000000.0,15819000000.0,1645000000.0,0.588,1.444,17199000000.0,3982000000.0,13217000000.0,17199000000.0,0.0,823000000.0,0.0,0.016,0.72,2864000000.0,3687000000.0,0.142,3687000000.0,2864000000.0,1749000000.0,1.05,1.04,1.05,25161000000.0,27008000000.0,25161000000.0,83883770971.0,29.0,22.751,1752000000.0,1.134,1.0,10104000000.0,0.39,38377000000.0,1115000000.0,24202000000.0,25630750000.0,2469000000.0,5585000000.0,0.0,5585000000.0,36323000000.0,14417000000.0,21906000000.0,68463770971.0,-129000000.0,57000000.0,-2601000000.0,1704000000.0,-1094000000.0,-1862000000.0,-1029000000.0,0.0,2838000000.0,-76000000.0,1635000000.0,1635000000.0,1635000000.0,0.0,10000000.0,0.063,7559000000.0,2545000000.0,5318000000.0,0.686,2.721,41.874,42.219,8229000000.0,0.0,44.33,2.641,2.641,3470000000.0,21149000000.0,25923000000.0,25923000000.0,0.0,0.026,0.061,0.112,0.11,140000000.0,6546000000.0,1.0,1544411707.0,1544411707.0,,16.785,23161000000.0,358000000.0,114000000.0,4721000000.0,14.997,-5937000000.0
19,MDLZ,MRT,2016-09-30,2016-09-30,2016-09-30,2021-08-25,-9699000000.0,63265000000.0,63338500000.0,8855000000.0,54410000000.0,0.419,17.685,-1105000000.0,1686000000.0,1686000000.0,16143000000.0,860000000.0,0.634,1.297,17106000000.0,4001000000.0,13105000000.0,17106000000.0,0.0,846000000.0,0.0,0.016,0.7,1815000000.0,2661000000.0,0.1,2661000000.0,1815000000.0,1076000000.0,0.58,0.57,0.58,27509000000.0,27720750000.0,27509000000.0,83812987290.0,46.0,31.497,2349000000.0,1.51,1.0,10374000000.0,0.391,39472000000.0,739000000.0,25256000000.0,26084500000.0,2776000000.0,5717000000.0,0.0,5717000000.0,35688000000.0,13957000000.0,21731000000.0,68287987290.0,-353000000.0,-227000000.0,-2346000000.0,875000000.0,-1073000000.0,-2443000000.0,-1332000000.0,0.0,3454000000.0,-32000000.0,837000000.0,837000000.0,837000000.0,0.0,23000000.0,0.032,8556000000.0,1818000000.0,4884000000.0,1.207,2.482,81.587,75.69,8465000000.0,0.0,43.9,2.575,2.575,3914000000.0,21366000000.0,26517000000.0,26517000000.0,0.0,0.013,0.03,0.07,0.068,140000000.0,6737000000.0,1.0,1555535018.0,1555535018.0,,17.047,23793000000.0,289000000.0,239000000.0,4762000000.0,15.296,-5102000000.0
20,MDLZ,MRT,2016-06-30,2016-06-30,2016-06-30,2021-08-25,-9768000000.0,63271000000.0,64119750000.0,8979000000.0,54292000000.0,0.421,17.778,-1169000000.0,1755000000.0,1755000000.0,16414000000.0,7580000000.0,0.691,1.29,17280000000.0,3702000000.0,13578000000.0,17280000000.0,0.0,845000000.0,0.0,0.015,0.68,8810000000.0,9655000000.0,0.358,9655000000.0,8810000000.0,8102000000.0,4.75,4.68,4.75,27592000000.0,28310500000.0,27592000000.0,86695282138.0,10.0,8.979,2325000000.0,1.498,1.0,10556000000.0,0.391,39522000000.0,708000000.0,26278000000.0,26519250000.0,2713000000.0,5618000000.0,0.0,5618000000.0,35595000000.0,12996000000.0,22599000000.0,70634282138.0,-645000000.0,2730000000.0,-2802000000.0,-1811000000.0,-1050000000.0,-5558000000.0,1561000000.0,0.0,3494000000.0,-142000000.0,7555000000.0,7555000000.0,7555000000.0,0.0,25000000.0,0.28,8760000000.0,1796000000.0,4562000000.0,0.143,2.56,9.349,9.581,8425000000.0,0.0,45.51,2.619,2.619,3919000000.0,21127000000.0,26970000000.0,26970000000.0,0.0,0.118,0.267,0.332,0.327,142000000.0,6975000000.0,1.0,1552060693.0,1552060693.0,,17.377,23749000000.0,270000000.0,547000000.0,4801000000.0,15.302,-4017000000.0
21,MDLZ,MRT,2016-03-31,2016-03-31,2016-03-31,2021-08-25,-9381000000.0,63975000000.0,64581500000.0,9009000000.0,54966000000.0,0.439,17.701,-1329000000.0,1338000000.0,1338000000.0,17223000000.0,7536000000.0,0.684,1.3,17399000000.0,3599000000.0,13800000000.0,17399000000.0,0.0,869000000.0,0.0,0.016,0.66,8897000000.0,9766000000.0,0.345,9766000000.0,8897000000.0,8026000000.0,4.7,4.64,4.7,27770000000.0,27573750000.0,27770000000.0,76470593552.0,9.0,7.83,2227000000.0,1.42,1.0,11106000000.0,0.392,40071000000.0,871000000.0,26787000000.0,26194000000.0,2756000000.0,5630000000.0,0.0,5630000000.0,36113000000.0,13178000000.0,22935000000.0,62942593552.0,-497000000.0,3245000000.0,-3309000000.0,-1579000000.0,-1028000000.0,-5861000000.0,1916000000.0,0.0,3556000000.0,-108000000.0,7497000000.0,7497000000.0,7497000000.0,0.0,39000000.0,0.265,9120000000.0,1986000000.0,4779000000.0,0.14,2.267,8.396,8.536,8534000000.0,0.0,40.12,2.222,2.222,4325000000.0,20970000000.0,28329000000.0,28329000000.0,0.0,0.116,0.272,0.34,0.314,130000000.0,7268000000.0,1.0,1568858264.0,1568858264.0,,18.057,23904000000.0,281000000.0,529000000.0,4738000000.0,15.237,-4169000000.0
22,MDLZ,MRT,2015-12-31,2015-12-31,2015-12-31,2021-08-25,-9986000000.0,62843000000.0,64639250000.0,8958000000.0,53885000000.0,0.458,17.627,-1454000000.0,1870000000.0,1870000000.0,18124000000.0,7291000000.0,0.82,1.24,15398000000.0,841000000.0,14557000000.0,15398000000.0,0.0,894000000.0,0.0,0.014,0.64,8873000000.0,9767000000.0,0.33,9767000000.0,8873000000.0,7860000000.0,4.49,4.44,4.49,28012000000.0,26767750000.0,28012000000.0,85578269983.0,10.0,8.762,2274000000.0,1.431,1.0,11512000000.0,0.388,39432000000.0,1013000000.0,26017000000.0,25202250000.0,2609000000.0,5387000000.0,0.0,5387000000.0,34743000000.0,10922000000.0,23821000000.0,71258269983.0,239000000.0,4103000000.0,-3622000000.0,-1379000000.0,-1008000000.0,-5883000000.0,2649000000.0,0.0,3728000000.0,-255000000.0,7267000000.0,7267000000.0,7267000000.0,0.0,24000000.0,0.245,9437000000.0,2075000000.0,4890000000.0,0.143,2.544,9.806,9.987,8362000000.0,0.0,44.84,2.404,2.404,3846000000.0,20700000000.0,29636000000.0,29636000000.0,0.0,0.112,0.271,0.352,0.299,136000000.0,7577000000.0,1.0,1589167484.0,1589167484.0,,18.649,23411000000.0,277000000.0,593000000.0,4750000000.0,14.732,-1964000000.0
23,MDLZ,MRT,2015-09-30,2015-09-30,2015-09-30,2021-08-25,-9609000000.0,66390000000.0,65621250000.0,12174000000.0,54216000000.0,0.474,18.537,-1680000000.0,2039000000.0,2039000000.0,19279000000.0,8514000000.0,0.893,1.22,16359000000.0,3330000000.0,13029000000.0,16359000000.0,0.0,925000000.0,0.0,0.015,0.62,9953000000.0,10878000000.0,0.35,10878000000.0,9953000000.0,9168000000.0,5.27,5.2,5.27,29868000000.0,26702250000.0,29868000000.0,84779978670.0,9.0,7.794,2145000000.0,1.331,1.0,11823000000.0,0.38,40078000000.0,785000000.0,26995000000.0,24714250000.0,3029000000.0,4895000000.0,0.0,4895000000.0,36438000000.0,13637000000.0,22801000000.0,67400978670.0,420000000.0,4598000000.0,-3683000000.0,-1514000000.0,-987000000.0,-6046000000.0,2918000000.0,0.0,3825000000.0,-277000000.0,8496000000.0,8496000000.0,8496000000.0,0.0,18000000.0,0.273,8915000000.0,2908000000.0,4875000000.0,0.118,2.257,7.933,7.937,8564000000.0,0.0,41.83,2.167,2.167,5918000000.0,21707000000.0,31102000000.0,31102000000.0,0.0,0.129,0.318,0.403,0.32,135000000.0,7776000000.0,1.0,1611307164.0,1611307164.0,,19.302,26312000000.0,550000000.0,672000000.0,5137000000.0,16.33,-1463000000.0
24,MDLZ,MRT,2015-06-30,2015-06-30,2015-06-30,2021-08-25,-8692000000.0,65118000000.0,66515500000.0,11888000000.0,53230000000.0,0.49,15.151,-1727000000.0,1958000000.0,1958000000.0,20295000000.0,2148000000.0,0.708,1.639,19337000000.0,6247000000.0,13090000000.0,19337000000.0,0.0,983000000.0,0.0,0.015,0.6,3075000000.0,4058000000.0,0.125,4058000000.0,3075000000.0,2631000000.0,1.28,1.27,1.28,24645000000.0,26946250000.0,24645000000.0,83789257014.0,27.0,20.648,2038000000.0,1.253,1.0,12295000000.0,0.377,40732000000.0,444000000.0,24977000000.0,24470000000.0,3000000000.0,0.0,0.0,0.0,40384000000.0,16788000000.0,23596000000.0,66919257014.0,320000000.0,1366000000.0,-3112000000.0,1126000000.0,-983000000.0,-2812000000.0,-361000000.0,0.0,3765000000.0,-272000000.0,2129000000.0,2129000000.0,2129000000.0,0.0,19000000.0,0.065,9214000000.0,3081000000.0,4499000000.0,0.469,2.715,31.432,32.141,8728000000.0,0.0,41.14,2.053,2.053,4249000000.0,14725000000.0,32590000000.0,32590000000.0,0.0,0.032,0.079,0.126,0.094,139000000.0,8039000000.0,1.0,1626622679.0,1626622679.0,,20.035,24386000000.0,569000000.0,502000000.0,5289000000.0,14.992,-4900000000.0
25,MDLZ,MRT,2015-03-31,2015-03-31,2015-03-31,2021-08-25,-9208000000.0,64206000000.0,68406000000.0,11864000000.0,52342000000.0,0.488,14.881,-1759000000.0,1835000000.0,1835000000.0,21031000000.0,2363000000.0,0.721,1.613,18705000000.0,5883000000.0,12822000000.0,18705000000.0,0.0,1029000000.0,0.0,0.016,0.59,3192000000.0,4221000000.0,0.127,4221000000.0,3192000000.0,2838000000.0,1.4,1.38,1.4,24546000000.0,28852000000.0,24546000000.0,74598739985.0,23.0,17.673,2098000000.0,1.272,1.0,12334000000.0,0.37,41790000000.0,354000000.0,22820000000.0,24871000000.0,3421000000.0,0.0,0.0,0.0,39594000000.0,16466000000.0,23128000000.0,59529739985.0,-496000000.0,851000000.0,-2732000000.0,393000000.0,-975000000.0,-3133000000.0,-908000000.0,0.0,3857000000.0,-312000000.0,2345000000.0,2345000000.0,2345000000.0,0.0,18000000.0,0.07,9124000000.0,3210000000.0,5199000000.0,0.421,2.425,25.386,25.779,9261000000.0,0.0,36.09,1.784,1.784,4913000000.0,14582000000.0,33365000000.0,33365000000.0,0.0,0.034,0.081,0.128,0.096,142000000.0,8116000000.0,1.0,1649480188.0,1649480188.0,,20.228,22416000000.0,557000000.0,493000000.0,5373000000.0,13.59,-4602000000.0
26,MDLZ,MRT,2014-12-31,2014-12-31,2014-12-31,2021-08-25,-7318000000.0,66771000000.0,70594500000.0,11750000000.0,55021000000.0,0.485,16.519,-1635000000.0,1631000000.0,1631000000.0,21647000000.0,2201000000.0,0.839,1.402,16656000000.0,2835000000.0,13821000000.0,16656000000.0,0.0,1059000000.0,0.0,0.016,0.58,3225000000.0,4284000000.0,0.125,4284000000.0,3225000000.0,2537000000.0,1.29,1.28,1.29,27750000000.0,30627750000.0,27750000000.0,77198209150.0,24.0,18.02,1927000000.0,1.147,1.0,12597000000.0,0.368,43724000000.0,688000000.0,24065000000.0,25856500000.0,3480000000.0,662000000.0,0.0,662000000.0,38918000000.0,14007000000.0,24911000000.0,61023209150.0,-991000000.0,-7000000.0,-1700000000.0,-218000000.0,-964000000.0,-2688000000.0,-1642000000.0,0.0,3562000000.0,-223000000.0,2184000000.0,2184000000.0,2184000000.0,0.0,17000000.0,0.064,9355000000.0,3242000000.0,5299000000.0,0.45,2.199,27.941,28.159,9827000000.0,0.0,36.325,1.782,1.782,4751000000.0,14529000000.0,34244000000.0,34244000000.0,0.0,0.031,0.071,0.125,0.094,141000000.0,8457000000.0,1.0,1679923170.0,1679923170.0,,20.384,23047000000.0,480000000.0,353000000.0,5512000000.0,13.719,-2257000000.0
27,MDLZ,MRT,2014-09-30,2014-09-30,2014-09-30,2021-08-25,-4584000000.0,69967000000.0,72030500000.0,12846000000.0,57121000000.0,0.485,18.295,-1551000000.0,1704000000.0,1704000000.0,21958000000.0,3467000000.0,0.879,1.265,17879000000.0,3891000000.0,13988000000.0,17879000000.0,0.0,1066000000.0,0.0,0.017,0.57,5249000000.0,6315000000.0,0.181,6315000000.0,5249000000.0,3685000000.0,2.0,1.97,2.0,30844000000.0,31783500000.0,30844000000.0,74175965341.0,14.0,11.746,4810000000.0,2.853,1.0,12944000000.0,0.371,45509000000.0,1564000000.0,26018000000.0,26097000000.0,4122000000.0,0.0,0.0,0.0,39011000000.0,14615000000.0,24396000000.0,57766965341.0,-2073000000.0,12000000.0,-3127000000.0,-2828000000.0,-960000000.0,-6718000000.0,-1568000000.0,0.0,6361000000.0,-148000000.0,3450000000.0,3450000000.0,3450000000.0,-1603000000.0,17000000.0,0.099,9311000000.0,3633000000.0,5184000000.0,0.285,1.873,16.744,17.133,10152000000.0,0.0,34.265,1.655,1.655,5352000000.0,14298000000.0,34902000000.0,34902000000.0,0.0,0.048,0.109,0.201,0.15,134000000.0,8650000000.0,1.0,1685888380.0,1685888380.0,,20.702,24458000000.0,433000000.0,235000000.0,5753000000.0,14.507,-1769000000.0
28,MDLZ,MRT,2014-06-30,2014-06-30,2014-06-30,2021-08-25,-2760000000.0,72680000000.0,73253500000.0,13100000000.0,59580000000.0,0.478,19.077,-1609000000.0,2132000000.0,2132000000.0,22091000000.0,3583000000.0,0.878,1.248,18541000000.0,4286000000.0,14255000000.0,18541000000.0,0.0,1078000000.0,0.0,0.015,0.56,5655000000.0,6733000000.0,0.192,6733000000.0,5655000000.0,3646000000.0,2.04,2.0,2.04,32268000000.0,32158250000.0,32268000000.0,80143042616.0,14.0,11.903,4751000000.0,2.809,1.0,12946000000.0,0.369,47593000000.0,2009000000.0,26581000000.0,26599250000.0,4088000000.0,0.0,0.0,0.0,40273000000.0,14915000000.0,25358000000.0,63616042616.0,-396000000.0,12000000.0,-3528000000.0,-813000000.0,-955000000.0,-5132000000.0,-1599000000.0,0.0,6360000000.0,-25000000.0,3563000000.0,3563000000.0,3563000000.0,-1603000000.0,20000000.0,0.102,8904000000.0,4042000000.0,5303000000.0,0.275,1.971,17.855,18.436,10483000000.0,0.0,37.61,1.816,1.816,5533000000.0,13666000000.0,35037000000.0,35037000000.0,0.0,0.049,0.111,0.213,0.161,128000000.0,8381000000.0,1.0,1691466169.0,1691466169.0,,20.714,25087000000.0,570000000.0,83000000.0,6086000000.0,14.832,-1815000000.0
29,MDLZ,MRT,2014-03-31,2014-03-31,2014-03-31,2021-08-25,-3116000000.0,72960000000.0,73039250000.0,13702000000.0,59258000000.0,0.482,18.606,-1561000000.0,2422000000.0,2422000000.0,22124000000.0,3543000000.0,0.894,1.301,18949000000.0,4177000000.0,14772000000.0,18949000000.0,0.0,1073000000.0,0.0,0.016,0.55,5582000000.0,6655000000.0,0.189,6655000000.0,5582000000.0,3562000000.0,2.01,1.97,2.01,31649000000.0,31943000000.0,31649000000.0,73225730681.0,13.0,11.003,4657000000.0,2.738,1.0,13072000000.0,0.371,47400000000.0,2020000000.0,26762000000.0,26760250000.0,4027000000.0,0.0,0.0,0.0,41184000000.0,15325000000.0,25859000000.0,58768730681.0,-428000000.0,60000000.0,-3368000000.0,-868000000.0,-949000000.0,-5064000000.0,-1502000000.0,0.0,6218000000.0,-80000000.0,3542000000.0,3542000000.0,3542000000.0,-1603000000.0,1000000.0,0.101,9122000000.0,3950000000.0,5372000000.0,0.274,1.857,16.592,17.189,10242000000.0,0.0,34.55,1.67,1.67,5900000000.0,13315000000.0,35196000000.0,35196000000.0,0.0,0.048,0.111,0.209,0.159,130000000.0,8612000000.0,1.0,1700976286.0,1700976286.0,,20.692,25560000000.0,517000000.0,20000000.0,6202000000.0,15.027,-1623000000.0
30,MDLZ,MRT,2013-12-31,2013-12-31,2013-12-31,2021-08-25,-2889000000.0,72515000000.0,73123750000.0,13174000000.0,59341000000.0,0.483,18.459,-1479000000.0,2622000000.0,2622000000.0,22189000000.0,3935000000.0,0.918,1.235,17079000000.0,2597000000.0,14482000000.0,17079000000.0,0.0,1077000000.0,0.0,0.015,0.54,5554000000.0,6631000000.0,0.188,6631000000.0,5554000000.0,3975000000.0,2.21,2.19,2.21,32373000000.0,31999250000.0,32373000000.0,78135699880.0,14.0,11.783,4931000000.0,2.812,1.0,13110000000.0,0.371,47591000000.0,1579000000.0,25027000000.0,26922500000.0,3743000000.0,0.0,0.0,0.0,39983000000.0,14354000000.0,25629000000.0,61908699880.0,-1853000000.0,-4000000.0,-2900000000.0,-2976000000.0,-943000000.0,-6687000000.0,-1483000000.0,0.0,6410000000.0,-93000000.0,3915000000.0,3915000000.0,3915000000.0,-1603000000.0,20000000.0,0.111,9169000000.0,3941000000.0,5345000000.0,0.244,1.912,15.813,15.973,10247000000.0,0.0,35.3,1.754,1.754,5403000000.0,13419000000.0,35299000000.0,35299000000.0,0.0,0.054,0.122,0.206,0.157,128000000.0,8679000000.0,1.0,1753787532.0,1753787532.0,,20.127,24924000000.0,517000000.0,60000000.0,6282000000.0,14.212,-1180000000.0
31,MDLZ,MRT,2013-09-30,2013-09-30,2013-09-30,2021-08-25,-3318000000.0,74859000000.0,73864250000.0,15463000000.0,59396000000.0,0.478,18.163,-1276000000.0,3692000000.0,3692000000.0,22139000000.0,2744000000.0,1.013,1.31,19919000000.0,4830000000.0,15089000000.0,19919000000.0,0.0,1088000000.0,0.0,0.017,0.53,3880000000.0,4968000000.0,0.141,4968000000.0,3880000000.0,2853000000.0,1.54,1.5,1.54,32343000000.0,31975000000.0,32343000000.0,71535294760.0,18.0,14.399,1670000000.0,0.938,1.0,13167000000.0,0.373,47790000000.0,1027000000.0,28027000000.0,27482000000.0,4161000000.0,0.0,0.0,0.0,42367000000.0,15269000000.0,27098000000.0,55950294760.0,-181000000.0,-226000000.0,-793000000.0,371000000.0,-1212000000.0,-1505000000.0,-1573000000.0,0.0,2946000000.0,-49000000.0,2722000000.0,2722000000.0,2722000000.0,18000000.0,22000000.0,0.077,9247000000.0,3920000000.0,4533000000.0,0.344,1.73,20.555,20.403,10085000000.0,0.0,31.421,1.585,1.585,6245000000.0,11878000000.0,35306000000.0,35306000000.0,0.0,0.037,0.085,0.141,0.11,125000000.0,8960000000.0,1.0,1780665630.0,1780665630.0,,19.827,27069000000.0,527000000.0,131000000.0,6218000000.0,15.202,194000000.0
32,MDLZ,MRT,2013-06-30,2013-06-30,2013-06-30,2021-08-25,-4182000000.0,71823000000.0,79594250000.0,13738000000.0,58085000000.0,0.442,17.6,-1305000000.0,2476000000.0,2476000000.0,22017000000.0,2385000000.0,1.046,1.282,18061000000.0,3075000000.0,14986000000.0,18061000000.0,0.0,1168000000.0,0.0,0.024,0.68,3937000000.0,5105000000.0,0.145,5105000000.0,3937000000.0,2391000000.0,1.34,1.3,1.34,31407000000.0,33027000000.0,31407000000.0,66652433705.0,17.0,13.056,1828000000.0,1.024,1.0,13143000000.0,0.374,47050000000.0,1546000000.0,27225000000.0,31685250000.0,3937000000.0,0.0,0.0,0.0,40274000000.0,13133000000.0,27141000000.0,50910433705.0,-2167000000.0,-226000000.0,-92000000.0,-2175000000.0,-1497000000.0,-3650000000.0,-1625000000.0,0.0,3133000000.0,-25000000.0,2362000000.0,2362000000.0,2362000000.0,-464000000.0,23000000.0,0.067,9647000000.0,3496000000.0,4316000000.0,0.507,1.621,21.554,21.291,9703000000.0,0.0,28.53,1.448,1.448,5989000000.0,11117000000.0,35160000000.0,35160000000.0,0.0,0.03,0.072,0.124,0.112,137000000.0,9391000000.0,1.0,1784452636.0,1784452636.0,,19.704,24773000000.0,478000000.0,29000000.0,6084000000.0,13.883,605000000.0
33,MDLZ,MRT,2013-03-31,2013-03-31,2013-03-31,2021-08-25,-3354000000.0,73298000000.0,85917000000.0,14295000000.0,59003000000.0,0.408,17.924,-1377000000.0,2759000000.0,2759000000.0,21969000000.0,2817000000.0,1.032,1.295,18501000000.0,3531000000.0,14970000000.0,18501000000.0,0.0,1254000000.0,0.0,0.027,0.84,4549000000.0,5803000000.0,0.165,5803000000.0,4549000000.0,2894000000.0,1.58,1.55,1.58,31874000000.0,34208500000.0,31874000000.0,69392273006.0,15.0,11.958,3012000000.0,1.694,1.0,13123000000.0,0.374,47782000000.0,1655000000.0,27411000000.0,36013500000.0,3849000000.0,0.0,0.0,0.0,41280000000.0,13847000000.0,27433000000.0,54442273006.0,907000000.0,-274000000.0,0.0,264000000.0,-1776000000.0,-1706000000.0,-1741000000.0,0.0,4389000000.0,-35000000.0,2790000000.0,2790000000.0,2790000000.0,-1008000000.0,27000000.0,0.08,9555000000.0,3568000000.0,4378000000.0,0.532,1.708,19.513,19.377,9845000000.0,0.0,30.615,1.551,1.551,6265000000.0,10756000000.0,35092000000.0,35092000000.0,0.0,0.032,0.082,0.126,0.13,146000000.0,9316000000.0,1.0,1778287539.0,1778287539.0,,19.734,25516000000.0,545000000.0,104000000.0,6293000000.0,14.349,448000000.0
34,MDLZ,MRT,2012-12-31,2012-12-31,2012-12-31,2021-08-25,-2666000000.0,75477000000.0,91754250000.0,15673000000.0,59804000000.0,0.382,18.162,-1477000000.0,4475000000.0,4475000000.0,21939000000.0,3094000000.0,1.054,1.334,19425000000.0,3851000000.0,15574000000.0,19425000000.0,0.0,1345000000.0,0.0,0.039,1.0,5098000000.0,6443000000.0,0.184,6443000000.0,5098000000.0,3235000000.0,1.73,1.71,1.73,32276000000.0,35481250000.0,32276000000.0,70865580150.0,14.0,10.999,2446000000.0,1.376,1.0,13076000000.0,0.373,48292000000.0,1863000000.0,27265000000.0,39234750000.0,3741000000.0,0.0,0.0,0.0,43061000000.0,14870000000.0,28191000000.0,45232580150.0,2501000000.0,-210000000.0,0.0,2373000000.0,-2058000000.0,204000000.0,-1687000000.0,0.0,3923000000.0,61000000.0,3067000000.0,3067000000.0,3067000000.0,-1488000000.0,27000000.0,0.088,9439000000.0,3637000000.0,4642000000.0,0.578,1.401,14.748,14.713,10010000000.0,0.0,25.453,1.292,1.292,6129000000.0,10551000000.0,35015000000.0,35015000000.0,0.0,0.033,0.086,0.13,0.146,162000000.0,9176000000.0,1.0,1777088152.0,1777088152.0,,19.704,27185000000.0,593000000.0,168000000.0,6235000000.0,15.297,803000000.0
35,MDLZ,MRT,2012-09-30,2012-09-30,2012-09-30,2021-08-25,-6559000000.0,97779000000.0,96344250000.0,19517000000.0,78262000000.0,0.225,20.596,-1713000000.0,3873000000.0,3873000000.0,13149000000.0,3381000000.0,1.232,1.672,29506000000.0,2183000000.0,27323000000.0,29506000000.0,0.0,1433000000.0,0.0,0.028,1.16,4312000000.0,5745000000.0,0.265,5745000000.0,4312000000.0,2438000000.0,1.89,1.89,1.89,36551000000.0,36216500000.0,36551000000.0,98987730030.0,23.0,17.23,3317000000.0,1.869,1.0,8504000000.0,0.393,62727000000.0,1874000000.0,44840000000.0,41885000000.0,6429000000.0,0.0,0.0,0.0,61101000000.0,15845000000.0,45256000000.0,73381730030.0,1897000000.0,0.0,0.0,699000000.0,-2050000000.0,-1504000000.0,-1613000000.0,0.0,5030000000.0,-16000000.0,3351000000.0,3351000000.0,3351000000.0,-3316000000.0,30000000.0,0.155,7478000000.0,1026000000.0,5499000000.0,0.614,2.008,21.898,21.878,14049000000.0,0.0,41.35,3.389,3.389,7110000000.0,18921000000.0,21653000000.0,21653000000.0,0.0,0.035,0.093,0.103,0.199,179000000.0,7176000000.0,1.0,1774648852.0,1774648852.0,,12.201,35052000000.0,1074000000.0,-913000000.0,6749000000.0,19.752,3672000000.0
36,MDLZ,MRT,2012-06-30,2012-06-30,2012-06-30,2021-08-25,-6684000000.0,97114000000.0,95857500000.0,19831000000.0,77283000000.0,0.277,20.38,-1843000000.0,4643000000.0,4643000000.0,16554000000.0,3649000000.0,1.235,1.684,30249000000.0,2168000000.0,28081000000.0,30249000000.0,0.0,1452000000.0,0.0,0.03,1.16,4692000000.0,6144000000.0,0.231,6144000000.0,4692000000.0,3130000000.0,2.04,2.05,2.04,36133000000.0,36226750000.0,36133000000.0,94961800190.0,20.0,15.456,3589000000.0,2.024,1.0,9999000000.0,0.377,62128000000.0,1562000000.0,44538000000.0,40516500000.0,6165000000.0,0.0,0.0,0.0,60866000000.0,16054000000.0,44812000000.0,68472800190.0,2376000000.0,0.0,0.0,1158000000.0,-2051000000.0,-1089000000.0,-1747000000.0,0.0,5432000000.0,-220000000.0,3621000000.0,3621000000.0,3621000000.0,-2834000000.0,28000000.0,0.136,8113000000.0,1886000000.0,5161000000.0,0.569,1.895,18.91,18.931,13757000000.0,0.0,38.62,2.579,2.579,6642000000.0,18800000000.0,26553000000.0,26553000000.0,0.0,0.038,0.1,0.116,0.177,185000000.0,7827000000.0,1.0,1772988094.0,1772988094.0,,14.976,34986000000.0,1245000000.0,-491000000.0,6807000000.0,19.733,3777000000.0
37,MDLZ,MRT,2012-03-31,2012-03-31,2012-03-31,2021-08-25,-5242000000.0,96647000000.0,96335750000.0,17693000000.0,78954000000.0,0.331,20.905,-1819000000.0,1852000000.0,1852000000.0,20245000000.0,3591000000.0,0.917,1.611,28341000000.0,5143000000.0,23198000000.0,28341000000.0,0.0,1470000000.0,0.0,0.031,1.16,5022000000.0,6492000000.0,0.203,6492000000.0,5022000000.0,3363000000.0,2.01,2.02,2.01,36965000000.0,36941250000.0,36965000000.0,92167613148.0,18.0,14.197,2836000000.0,1.604,1.0,11659000000.0,0.365,63542000000.0,1659000000.0,40296000000.0,39504000000.0,6286000000.0,0.0,0.0,0.0,59556000000.0,19298000000.0,40258000000.0,67210613148.0,-236000000.0,0.0,0.0,-1407000000.0,-2050000000.0,-3053000000.0,-1728000000.0,0.0,4655000000.0,-110000000.0,3568000000.0,3568000000.0,3568000000.0,-2290000000.0,23000000.0,0.112,8904000000.0,2755000000.0,5545000000.0,0.577,1.818,18.837,18.91,14084000000.0,0.0,38.01,2.107,2.107,7314000000.0,18298000000.0,31904000000.0,31904000000.0,0.0,0.037,0.097,0.127,0.157,186000000.0,8641000000.0,1.0,1768235021.0,1768235021.0,,18.043,33105000000.0,980000000.0,-205000000.0,6901000000.0,18.722,-1605000000.0
38,MDLZ,MRT,2011-12-31,2011-12-31,2011-12-31,2021-08-25,-6637000000.0,93837000000.0,96741250000.0,16202000000.0,77635000000.0,0.37,19.933,-1728000000.0,1974000000.0,1974000000.0,22710000000.0,3574000000.0,0.878,1.661,26931000000.0,3836000000.0,23095000000.0,26931000000.0,0.0,1485000000.0,0.0,0.031,1.16,5288000000.0,6773000000.0,0.189,6773000000.0,5288000000.0,3670000000.0,2.01,2.01,2.01,35217000000.0,37045250000.0,35217000000.0,92907730909.0,18.0,13.717,2792000000.0,1.58,1.0,13100000000.0,0.366,62483000000.0,1618000000.0,37866000000.0,39806000000.0,5706000000.0,0.0,0.0,0.0,58509000000.0,18445000000.0,40064000000.0,66005730909.0,-507000000.0,0.0,0.0,-1643000000.0,-2043000000.0,-3175000000.0,-1728000000.0,0.0,4520000000.0,-124000000.0,3554000000.0,3554000000.0,3554000000.0,-1810000000.0,20000000.0,0.099,9602000000.0,3498000000.0,5525000000.0,0.577,1.874,18.572,18.587,13813000000.0,0.0,37.36,1.843,1.843,6361000000.0,18012000000.0,35810000000.0,35810000000.0,0.0,0.037,0.096,0.133,0.148,181000000.0,9382000000.0,1.0,1766748686.0,1766748686.0,,20.269,31354000000.0,912000000.0,116000000.0,6738000000.0,17.747,-2243000000.0
39,MDLZ,MRT,2011-09-30,2011-09-30,2011-09-30,2021-08-25,-4864000000.0,95832000000.0,97104250000.0,17329000000.0,78503000000.0,0.368,20.719,-1890000000.0,1976000000.0,1976000000.0,22842000000.0,3252000000.0,0.851,1.616,28878000000.0,5739000000.0,23139000000.0,28878000000.0,0.0,1538000000.0,0.0,0.035,1.16,5028000000.0,6566000000.0,0.184,6566000000.0,5028000000.0,3442000000.0,1.83,1.82,1.83,36592000000.0,37199500000.0,36592000000.0,86618865102.0,17.0,13.192,2299000000.0,1.302,1.0,12890000000.0,0.361,63008000000.0,1586000000.0,39366000000.0,40794500000.0,6399000000.0,0.0,0.0,0.0,59132000000.0,20360000000.0,38772000000.0,59305865102.0,-312000000.0,-5000000.0,89000000.0,-1036000000.0,-2046000000.0,-2543000000.0,-1895000000.0,0.0,4189000000.0,-63000000.0,3237000000.0,3237000000.0,3237000000.0,-1823000000.0,15000000.0,0.091,9670000000.0,3220000000.0,5293000000.0,0.634,1.621,18.321,18.35,13856000000.0,0.0,33.58,1.66,1.66,6835000000.0,17695000000.0,35732000000.0,35732000000.0,0.0,0.033,0.087,0.123,0.141,179000000.0,9406000000.0,1.0,1766106763.0,1766106763.0,,20.232,32824000000.0,973000000.0,205000000.0,7580000000.0,18.586,-3031000000.0
40,MDLZ,MRT,2011-06-30,2011-06-30,2011-06-30,2021-08-25,-2004000000.0,99027000000.0,96551250000.0,17496000000.0,81531000000.0,0.356,22.181,-1670000000.0,2267000000.0,2267000000.0,21773000000.0,3085000000.0,0.863,1.537,29580000000.0,6160000000.0,23420000000.0,29580000000.0,0.0,1503000000.0,0.0,0.033,1.16,4848000000.0,6351000000.0,0.185,6351000000.0,4848000000.0,3254000000.0,1.74,1.73,1.74,38991000000.0,36771500000.0,38991000000.0,89886978737.0,19.0,14.153,1595000000.0,0.907,1.0,12596000000.0,0.366,65572000000.0,1594000000.0,40488000000.0,42328250000.0,6414000000.0,0.0,0.0,0.0,59916000000.0,20280000000.0,39636000000.0,61929978737.0,-587000000.0,338000000.0,-46000000.0,-1173000000.0,-2036000000.0,-2765000000.0,-1308000000.0,0.0,3265000000.0,221000000.0,3069000000.0,3069000000.0,3069000000.0,-1823000000.0,16000000.0,0.089,9555000000.0,3041000000.0,5308000000.0,0.667,1.588,20.179,20.247,14216000000.0,0.0,35.23,1.802,1.802,6830000000.0,17300000000.0,34369000000.0,34369000000.0,0.0,0.032,0.083,0.115,0.141,182000000.0,9298000000.0,1.0,1757876206.0,1757876206.0,,19.551,33455000000.0,919000000.0,185000000.0,7993000000.0,19.031,-2784000000.0
41,MDLZ,MRT,2011-03-31,2011-03-31,2011-03-31,2021-08-25,-2744000000.0,98269000000.0,94692000000.0,17529000000.0,80740000000.0,0.346,21.374,-1656000000.0,2088000000.0,2088000000.0,20325000000.0,3048000000.0,0.886,1.626,30045000000.0,5757000000.0,24288000000.0,30045000000.0,0.0,1499000000.0,0.0,0.037,1.16,4741000000.0,6240000000.0,0.191,6240000000.0,4741000000.0,3149000000.0,1.73,1.71,1.73,37381000000.0,35348500000.0,37381000000.0,81089358497.0,17.0,12.995,1111000000.0,0.635,1.0,12419000000.0,0.379,64943000000.0,1592000000.0,41504000000.0,43038250000.0,6116000000.0,0.0,0.0,0.0,60770000000.0,19779000000.0,40991000000.0,54846358497.0,-1790000000.0,82000000.0,0.0,-1222000000.0,-2029000000.0,-3010000000.0,-1576000000.0,0.0,2767000000.0,29000000.0,3030000000.0,3030000000.0,3030000000.0,-1823000000.0,18000000.0,0.093,9483000000.0,2936000000.0,5535000000.0,0.671,1.467,18.101,18.127,14003000000.0,0.0,31.36,1.675,1.675,7131000000.0,16876000000.0,32744000000.0,32744000000.0,0.0,0.032,0.086,0.11,0.145,178000000.0,9223000000.0,1.0,1748927248.0,1748927248.0,,18.722,33326000000.0,969000000.0,119000000.0,8252000000.0,19.055,-2250000000.0
42,MDLZ,MRT,2010-12-31,2010-12-31,2010-12-31,2021-08-25,-3890000000.0,95289000000.0,94052000000.0,16221000000.0,79068000000.0,0.335,20.514,-1653000000.0,2481000000.0,2481000000.0,19617000000.0,4139000000.0,1.021,1.656,28724000000.0,1865000000.0,26859000000.0,28724000000.0,0.0,1440000000.0,0.0,0.037,1.16,5938000000.0,7378000000.0,0.234,7378000000.0,5938000000.0,4168000000.0,2.4,2.39,2.4,35834000000.0,34547750000.0,35834000000.0,82787835159.0,14.0,11.221,2095000000.0,1.199,1.0,11872000000.0,0.377,63819000000.0,1770000000.0,41820000000.0,43788000000.0,5310000000.0,0.0,0.0,0.0,59347000000.0,15893000000.0,43454000000.0,55040835159.0,380000000.0,-5809000000.0,0.0,6435000000.0,-2175000000.0,4188000000.0,-7462000000.0,0.0,3748000000.0,-94000000.0,4114000000.0,4114000000.0,4114000000.0,-3467000000.0,25000000.0,0.131,9376000000.0,2496000000.0,5409000000.0,0.483,1.536,13.379,13.129,13792000000.0,0.0,31.51,1.748,1.748,6539000000.0,16619000000.0,31489000000.0,31489000000.0,0.0,0.044,0.119,0.136,0.189,174000000.0,9140000000.0,1.0,1746773569.0,1746773569.0,,18.027,31470000000.0,898000000.0,54000000.0,7984000000.0,18.016,328000000.0
43,MDLZ,MRT,2010-09-30,2010-09-30,2010-09-30,2021-08-25,-4720000000.0,93620000000.0,86908250000.0,15824000000.0,77796000000.0,0.53,19.999,-1538000000.0,2288000000.0,2288000000.0,28982000000.0,4303000000.0,1.161,1.681,30035000000.0,464000000.0,29571000000.0,30035000000.0,0.0,1291000000.0,0.0,0.038,1.16,7323000000.0,8614000000.0,0.187,8614000000.0,7323000000.0,5505000000.0,2.62,2.59,2.62,34880000000.0,32058250000.0,34880000000.0,80997621733.0,11.0,9.403,1501000000.0,0.861,1.0,17049000000.0,0.37,62240000000.0,1818000000.0,45501000000.0,40812750000.0,5735000000.0,0.0,0.0,0.0,58638000000.0,13626000000.0,45012000000.0,53821621733.0,-708000000.0,-5769000000.0,-99000000.0,5982000000.0,-2092000000.0,3716000000.0,-7350000000.0,0.0,3039000000.0,-113000000.0,4284000000.0,4284000000.0,4284000000.0,-1703000000.0,19000000.0,0.093,11410000000.0,5639000000.0,5130000000.0,0.443,1.543,12.563,11.779,13710000000.0,0.0,30.86,1.169,1.169,6013000000.0,16621000000.0,46031000000.0,46031000000.0,0.0,0.049,0.134,0.179,0.159,173000000.0,11311000000.0,1.0,1744057736.0,1744057736.0,,26.393,31380000000.0,901000000.0,1221000000.0,6992000000.0,17.993,2198000000.0
44,MDLZ,MRT,2010-06-30,2010-06-30,2010-06-30,2021-08-25,-5959000000.0,91590000000.0,80170500000.0,15251000000.0,76339000000.0,0.543,19.099,-1414000000.0,2854000000.0,2854000000.0,27459000000.0,4369000000.0,1.108,1.749,30030000000.0,927000000.0,29103000000.0,30030000000.0,0.0,1178000000.0,0.0,0.041,1.16,7199000000.0,8377000000.0,0.192,8377000000.0,7199000000.0,5491000000.0,2.75,2.71,2.75,33299000000.0,29619500000.0,33299000000.0,75959538588.0,11.0,9.068,2729000000.0,1.565,1.0,16106000000.0,0.37,61669000000.0,1708000000.0,43328000000.0,37039000000.0,5167000000.0,0.0,0.0,0.0,58231000000.0,13769000000.0,44462000000.0,48817538588.0,1123000000.0,-6112000000.0,36000000.0,6744000000.0,-2013000000.0,4757000000.0,-7587000000.0,0.0,4143000000.0,-190000000.0,4354000000.0,4354000000.0,4354000000.0,-1755000000.0,15000000.0,0.1,10647000000.0,5459000000.0,4913000000.0,0.422,1.466,11.212,10.182,13047000000.0,0.0,28.0,1.121,1.121,5606000000.0,16393000000.0,43565000000.0,43565000000.0,0.0,0.054,0.147,0.194,0.165,161000000.0,10586000000.0,1.0,1743483521.0,1743483521.0,,24.987,29921000000.0,828000000.0,1137000000.0,7353000000.0,17.162,1482000000.0
45,MDLZ,MRT,2010-03-31,2010-03-31,2010-03-31,2021-08-25,-4422000000.0,95709000000.0,73436500000.0,17215000000.0,78494000000.0,0.56,23.103,-1314000000.0,3878000000.0,3878000000.0,26169000000.0,4259000000.0,1.105,1.791,31020000000.0,1524000000.0,29496000000.0,31020000000.0,0.0,1029000000.0,0.0,0.038,1.16,7002000000.0,8031000000.0,0.195,8031000000.0,7002000000.0,5421000000.0,2.77,2.74,2.77,34178000000.0,27368750000.0,34178000000.0,61625184997.0,9.0,7.673,3342000000.0,2.259,1.0,14924000000.0,0.363,62767000000.0,1581000000.0,44503000000.0,34047750000.0,5097000000.0,0.0,0.0,0.0,61215000000.0,15581000000.0,45634000000.0,44736184997.0,2694000000.0,-5850000000.0,-10000000.0,7171000000.0,-1939000000.0,5154000000.0,-7195000000.0,0.0,4656000000.0,79000000.0,4244000000.0,4244000000.0,4244000000.0,-1803000000.0,15000000.0,0.103,9710000000.0,5214000000.0,5422000000.0,0.419,1.309,10.541,10.917,13896000000.0,0.0,30.24,1.089,1.089,6575000000.0,15971000000.0,41093000000.0,41093000000.0,0.0,0.058,0.155,0.206,0.17,164000000.0,9715000000.0,1.0,1479371197.0,1479371197.0,,27.777,32942000000.0,839000000.0,1177000000.0,7561000000.0,22.268,1634000000.0
46,MDLZ,MRT,2009-12-31,2009-12-31,2009-12-31,2021-08-25,-3955000000.0,66714000000.0,65097500000.0,12454000000.0,54260000000.0,0.595,17.533,-1280000000.0,2101000000.0,2101000000.0,24819000000.0,3028000000.0,1.084,1.575,18990000000.0,966000000.0,18024000000.0,18990000000.0,0.0,931000000.0,0.0,0.043,1.16,5394000000.0,6325000000.0,0.163,6325000000.0,5394000000.0,4157000000.0,2.04,2.03,2.04,25876000000.0,24422500000.0,25876000000.0,57842236750.0,11.0,9.145,3804000000.0,2.578,1.0,13935000000.0,0.36,42193000000.0,1237000000.0,29919000000.0,30613000000.0,3775000000.0,0.0,0.0,0.0,40742000000.0,11491000000.0,29251000000.0,40113236750.0,857000000.0,41000000.0,-10000000.0,-1411000000.0,-1712000000.0,-3133000000.0,-1239000000.0,0.0,5084000000.0,145000000.0,3021000000.0,3021000000.0,3021000000.0,-218000000.0,7000000.0,0.078,8752000000.0,5183000000.0,3766000000.0,0.569,1.55,13.278,13.324,10693000000.0,0.0,27.18,1.035,1.035,5197000000.0,14636000000.0,38754000000.0,38754000000.0,0.0,0.046,0.124,0.176,0.139,164000000.0,8784000000.0,1.0,1475836525.0,1475836525.0,,26.259,24521000000.0,730000000.0,1136000000.0,4508000000.0,16.615,963000000.0
47,MDLZ,MRT,2009-09-30,2009-09-30,2009-09-30,2021-08-25,-4355000000.0,66669000000.0,64212250000.0,13018000000.0,53651000000.0,0.582,17.034,-1215000000.0,2996000000.0,2996000000.0,24554000000.0,2497000000.0,1.08,1.65,20725000000.0,2617000000.0,18108000000.0,20725000000.0,0.0,893000000.0,0.0,0.044,1.16,4431000000.0,5324000000.0,0.142,5324000000.0,4431000000.0,3210000000.0,1.71,1.69,1.71,25125000000.0,23527250000.0,25125000000.0,57241341137.0,13.0,10.752,3666000000.0,2.485,1.0,12844000000.0,0.343,41936000000.0,1221000000.0,30406000000.0,30790500000.0,4073000000.0,0.0,0.0,0.0,41458000000.0,12056000000.0,29402000000.0,38747341137.0,2259000000.0,65000000.0,0.0,-19000000.0,-1711000000.0,-1615000000.0,-1096000000.0,0.0,4881000000.0,89000000.0,2489000000.0,2489000000.0,2489000000.0,-406000000.0,8000000.0,0.067,8811000000.0,4033000000.0,3264000000.0,0.678,1.542,15.567,15.363,10409000000.0,0.0,26.27,1.036,1.036,4720000000.0,14394000000.0,37398000000.0,37398000000.0,0.0,0.039,0.106,0.144,0.118,166000000.0,8083000000.0,1.0,1474965403.0,1474965403.0,,25.355,24733000000.0,654000000.0,721000000.0,4314000000.0,16.769,962000000.0
48,MDLZ,MRT,2009-06-30,2009-06-30,2009-06-30,2021-08-25,-4723000000.0,64654000000.0,64281250000.0,11688000000.0,52966000000.0,0.597,16.497,-1251000000.0,1731000000.0,1731000000.0,25631000000.0,3036000000.0,1.134,1.658,20225000000.0,1615000000.0,18610000000.0,20225000000.0,0.0,911000000.0,0.0,0.046,1.16,4907000000.0,5818000000.0,0.152,5818000000.0,4907000000.0,3711000000.0,2.06,2.05,2.06,24296000000.0,23846250000.0,24296000000.0,56301311244.0,11.0,9.677,3261000000.0,2.214,1.0,12771000000.0,0.333,41482000000.0,1196000000.0,31363000000.0,31798250000.0,4011000000.0,0.0,0.0,0.0,40274000000.0,10303000000.0,29971000000.0,37319311244.0,1023000000.0,27000000.0,-127000000.0,-585000000.0,-1692000000.0,-2329000000.0,-1134000000.0,0.0,4512000000.0,-26000000.0,3027000000.0,3027000000.0,3027000000.0,-1199000000.0,9000000.0,0.079,9054000000.0,3717000000.0,3225000000.0,0.563,1.536,12.329,12.301,10224000000.0,0.0,25.34,0.972,0.972,4646000000.0,14016000000.0,38402000000.0,38402000000.0,0.0,0.047,0.127,0.154,0.128,169000000.0,8201000000.0,1.0,1472743143.0,1472743143.0,,26.075,23172000000.0,682000000.0,684000000.0,4266000000.0,15.734,1385000000.0
49,MDLZ,MRT,2009-03-31,2009-03-31,2009-03-31,2021-08-25,-6146000000.0,62353000000.0,65829000000.0,11141000000.0,51212000000.0,0.599,15.24,-1303000000.0,1184000000.0,1184000000.0,26298000000.0,2954000000.0,1.08,1.782,20166000000.0,1781000000.0,18385000000.0,20166000000.0,0.0,953000000.0,0.0,0.051,1.14,4895000000.0,5848000000.0,0.148,5848000000.0,4895000000.0,3680000000.0,1.99,1.98,1.99,22393000000.0,24759750000.0,22393000000.0,51759665876.0,11.0,8.851,3044000000.0,2.072,1.0,13127000000.0,0.333,40256000000.0,1215000000.0,30764000000.0,33022500000.0,4050000000.0,0.0,0.0,0.0,39898000000.0,10315000000.0,29583000000.0,32752665876.0,579000000.0,9000000.0,-127000000.0,-760000000.0,-1674000000.0,-2450000000.0,-1200000000.0,0.0,4347000000.0,-118000000.0,2945000000.0,2945000000.0,2945000000.0,-1220000000.0,9000000.0,0.075,9443000000.0,3684000000.0,3207000000.0,0.573,1.463,11.121,11.201,9735000000.0,0.0,22.29,0.831,0.831,4472000000.0,13661000000.0,39425000000.0,39425000000.0,0.0,0.045,0.119,0.148,0.124,168000000.0,8403000000.0,1.0,1469388330.0,1469388330.0,,26.831,22097000000.0,681000000.0,735000000.0,4090000000.0,15.038,826000000.0
50,MDLZ,MRT,2008-12-31,2008-12-31,2008-12-31,2021-08-25,-5994000000.0,63173000000.0,67747250000.0,11461000000.0,51712000000.0,0.598,15.176,-1367000000.0,1244000000.0,1244000000.0,27164000000.0,2893000000.0,1.038,1.831,20251000000.0,1662000000.0,18589000000.0,20251000000.0,0.0,986000000.0,0.0,0.042,1.12,4782000000.0,5768000000.0,0.142,5768000000.0,4782000000.0,3542000000.0,1.92,1.9,1.92,22295000000.0,25978000000.0,22295000000.0,59302085807.0,12.0,10.281,2774000000.0,1.888,1.0,13328000000.0,0.329,40507000000.0,1240000000.0,30629000000.0,33874750000.0,3881000000.0,0.0,0.0,0.0,40817000000.0,11044000000.0,29773000000.0,39446085807.0,677000000.0,-2000000.0,-777000000.0,311000000.0,-1663000000.0,-2057000000.0,-1320000000.0,0.0,4141000000.0,-87000000.0,2884000000.0,2884000000.0,2884000000.0,-1215000000.0,9000000.0,0.071,9752000000.0,3576000000.0,3373000000.0,0.583,1.769,13.678,13.984,9917000000.0,0.0,26.85,0.974,0.974,4704000000.0,13440000000.0,40492000000.0,40492000000.0,0.0,0.043,0.111,0.141,0.118,178000000.0,8613000000.0,1.0,1469127963.0,1469127963.0,,27.562,22666000000.0,804000000.0,658000000.0,4064000000.0,15.428,417000000.0
51,MDLZ,MRT,2008-09-30,2008-09-30,2008-09-30,2021-08-25,-2005000000.0,66945000000.0,68952250000.0,11257000000.0,55688000000.0,0.596,17.391,-1284000000.0,737000000.0,737000000.0,27415000000.0,3432000000.0,1.093,1.536,20593000000.0,1719000000.0,18874000000.0,20593000000.0,0.0,976000000.0,0.0,0.034,1.1,5693000000.0,6669000000.0,0.162,6669000000.0,5693000000.0,4533000000.0,2.24,2.24,2.24,26401000000.0,27228000000.0,26401000000.0,71300202486.0,13.0,10.691,2536000000.0,1.67,1.0,13703000000.0,0.333,42069000000.0,1160000000.0,34437000000.0,33206500000.0,4664000000.0,0.0,0.0,0.0,40544000000.0,10295000000.0,30249000000.0,49718202486.0,239000000.0,-7485000000.0,-1314000000.0,8052000000.0,-1660000000.0,5121000000.0,-8700000000.0,0.0,3820000000.0,-2000000.0,3422000000.0,3422000000.0,3422000000.0,-1020000000.0,10000000.0,0.083,9020000000.0,4683000000.0,3439000000.0,0.491,1.883,14.529,14.621,10638000000.0,0.0,32.75,1.209,1.209,4709000000.0,13623000000.0,41118000000.0,41118000000.0,0.0,0.05,0.126,0.171,0.138,271000000.0,8500000000.0,1.0,1518113053.0,1518113053.0,,27.085,24876000000.0,754000000.0,1111000000.0,5439000000.0,16.386,962000000.0
52,MDLZ,MRT,2008-06-30,2008-06-30,2008-06-30,2021-08-25,-1174000000.0,70845000000.0,66555750000.0,11674000000.0,59171000000.0,0.593,18.436,-1325000000.0,708000000.0,708000000.0,26154000000.0,2663000000.0,0.987,1.535,22290000000.0,2942000000.0,19348000000.0,22290000000.0,0.0,951000000.0,0.0,0.038,1.08,4774000000.0,5725000000.0,0.145,5725000000.0,4774000000.0,3747000000.0,1.71,1.71,1.71,27950000000.0,27348250000.0,27950000000.0,65198097854.0,14.0,11.388,2185000000.0,1.441,1.0,13323000000.0,0.337,44337000000.0,1027000000.0,36260000000.0,30688000000.0,4846000000.0,0.0,0.0,0.0,42895000000.0,11830000000.0,31065000000.0,43131097854.0,289000000.0,-7447000000.0,-2151000000.0,9233000000.0,-1644000000.0,5446000000.0,-8740000000.0,0.0,3510000000.0,73000000.0,2656000000.0,2656000000.0,2656000000.0,-236000000.0,7000000.0,0.067,8778000000.0,4545000000.0,3541000000.0,0.632,1.543,16.239,16.637,11464000000.0,0.0,28.45,1.093,1.093,5223000000.0,12670000000.0,39477000000.0,39477000000.0,0.0,0.04,0.097,0.156,0.121,229000000.0,8213000000.0,1.0,1516031559.0,1516031559.0,,26.04,26508000000.0,481000000.0,1091000000.0,5675000000.0,17.485,-156000000.0
53,MDLZ,MRT,2008-03-31,2008-03-31,2008-03-31,2021-08-25,-1442000000.0,70026000000.0,62968250000.0,11678000000.0,58348000000.0,0.602,17.782,-1332000000.0,605000000.0,605000000.0,25163000000.0,2623000000.0,0.819,1.568,22672000000.0,5244000000.0,17428000000.0,22672000000.0,0.0,914000000.0,0.0,0.034,1.06,4472000000.0,5386000000.0,0.142,5386000000.0,4472000000.0,3627000000.0,1.67,1.66,1.67,27266000000.0,27229750000.0,27266000000.0,67990112973.0,15.0,12.623,2295000000.0,1.497,1.0,12715000000.0,0.336,43666000000.0,845000000.0,34173000000.0,26810750000.0,4667000000.0,0.0,0.0,0.0,42760000000.0,14254000000.0,28506000000.0,47548112973.0,354000000.0,-7432000000.0,-4168000000.0,11558000000.0,-1644000000.0,5396000000.0,-8736000000.0,0.0,3627000000.0,67000000.0,2618000000.0,2618000000.0,2618000000.0,-167000000.0,5000000.0,0.069,8405000000.0,4310000000.0,4157000000.0,0.635,1.744,18.162,18.569,11311000000.0,0.0,31.01,1.255,1.255,5361000000.0,12389000000.0,37878000000.0,37878000000.0,0.0,0.042,0.096,0.167,0.118,186000000.0,7918000000.0,1.0,1533315478.0,1533315478.0,,24.703,26360000000.0,615000000.0,1009000000.0,5081000000.0,17.192,-2576000000.0
54,MDLZ,MRT,2007-12-31,2007-12-31,2007-12-31,2021-08-25,-1835000000.0,67993000000.0,59415250000.0,10737000000.0,57256000000.0,0.604,17.642,-1241000000.0,567000000.0,567000000.0,23656000000.0,2724000000.0,0.628,1.491,21009000000.0,8107000000.0,12902000000.0,21009000000.0,0.0,886000000.0,0.0,0.032,1.04,4405000000.0,5291000000.0,0.148,5291000000.0,4405000000.0,3801000000.0,1.71,1.7,1.71,27295000000.0,27595500000.0,27295000000.0,63442979670.0,14.0,11.991,2330000000.0,1.506,1.0,12202000000.0,0.34,43393000000.0,604000000.0,27956000000.0,23322250000.0,4096000000.0,0.0,0.0,0.0,40698000000.0,17086000000.0,23612000000.0,50484979670.0,328000000.0,-7221000000.0,-3708000000.0,10672000000.0,-1638000000.0,5121000000.0,-8416000000.0,0.0,3571000000.0,52000000.0,2721000000.0,2721000000.0,2721000000.0,-232000000.0,3000000.0,0.076,8026000000.0,4176000000.0,4065000000.0,0.608,1.85,18.554,19.082,10778000000.0,0.0,32.63,1.408,1.408,5197000000.0,12209000000.0,35858000000.0,35858000000.0,0.0,0.046,0.099,0.189,0.123,136000000.0,7587000000.0,1.0,1547195209.0,1547195209.0,,23.176,24600000000.0,575000000.0,1080000000.0,4876000000.0,15.9,-6349000000.0
55,MDLZ,MRT,2007-09-30,2007-09-30,2007-09-30,2021-08-25,-2496000000.0,57359000000.0,56310500000.0,9544000000.0,47815000000.0,0.618,17.049,-1340000000.0,498000000.0,498000000.0,22790000000.0,2629000000.0,0.936,1.134,13456000000.0,2856000000.0,10600000000.0,13456000000.0,0.0,899000000.0,0.0,0.03,1.02,4094000000.0,4993000000.0,0.143,4993000000.0,4094000000.0,3583000000.0,1.64,1.63,1.64,26882000000.0,27910500000.0,26882000000.0,66510310552.0,16.0,13.321,1864000000.0,1.182,1.0,12032000000.0,0.346,35760000000.0,511000000.0,24363000000.0,21169750000.0,4375000000.0,0.0,0.0,0.0,30477000000.0,10194000000.0,20283000000.0,54412310552.0,-157000000.0,475000000.0,-3482000000.0,2611000000.0,-1626000000.0,-2567000000.0,-825000000.0,0.0,3204000000.0,31000000.0,2629000000.0,2629000000.0,2629000000.0,-293000000.0,0.0,0.075,8231000000.0,3801000000.0,2908000000.0,0.622,2.024,20.697,21.043,9967000000.0,0.0,34.51,1.563,1.563,3942000000.0,12058000000.0,34822000000.0,34822000000.0,0.0,0.047,0.094,0.193,0.118,142000000.0,7579000000.0,1.0,1576711404.0,1576711404.0,,22.085,21599000000.0,386000000.0,954000000.0,3918000000.0,13.699,-650000000.0
56,MDLZ,MRT,2007-06-30,2007-06-30,2007-06-30,2021-08-25,-2674000000.0,56495000000.0,56680750000.0,9158000000.0,47337000000.0,0.605,17.128,-1225000000.0,419000000.0,419000000.0,22198000000.0,2781000000.0,0.747,1.056,12517000000.0,5432000000.0,7085000000.0,12517000000.0,0.0,900000000.0,0.0,0.028,1.0,4503000000.0,5403000000.0,0.157,5403000000.0,4503000000.0,4023000000.0,1.72,1.7,1.72,27476000000.0,28789500000.0,27476000000.0,66835955156.0,15.0,12.37,2299000000.0,1.433,1.0,12107000000.0,0.353,35576000000.0,480000000.0,20751000000.0,20652000000.0,4033000000.0,0.0,0.0,0.0,29019000000.0,12266000000.0,16753000000.0,56544955156.0,17000000.0,1058000000.0,-2828000000.0,1080000000.0,-1613000000.0,-3421000000.0,-113000000.0,0.0,3524000000.0,27000000.0,2781000000.0,2781000000.0,2781000000.0,-232000000.0,0.0,0.081,8087000000.0,4020000000.0,2604000000.0,0.581,2.058,20.333,20.494,9802000000.0,0.0,35.25,1.648,1.648,3957000000.0,11945000000.0,34305000000.0,34305000000.0,0.0,0.049,0.097,0.218,0.131,142000000.0,7482000000.0,1.0,1604112203.0,1604112203.0,,21.386,20919000000.0,393000000.0,1242000000.0,4147000000.0,13.041,-3108000000.0
57,MDLZ,MRT,2007-03-31,2007-03-31,2007-03-31,2021-08-25,-3013000000.0,55814000000.0,57112500000.0,8852000000.0,46962000000.0,0.59,17.519,-1164000000.0,251000000.0,251000000.0,21688000000.0,2756000000.0,0.849,0.943,10542000000.0,3461000000.0,7081000000.0,10542000000.0,0.0,895000000.0,0.0,0.031,0.98,4491000000.0,5386000000.0,0.16,5386000000.0,4491000000.0,4013000000.0,1.68,1.67,1.68,28729000000.0,29512500000.0,28729000000.0,61893050802.0,14.0,11.491,2237000000.0,1.364,1.0,12031000000.0,0.357,35459000000.0,478000000.0,20219000000.0,21354250000.0,3881000000.0,0.0,0.0,0.0,27085000000.0,10427000000.0,16658000000.0,51918050802.0,-16000000.0,1058000000.0,-1129000000.0,-876000000.0,-1586000000.0,-3453000000.0,3000000.0,0.0,3401000000.0,33000000.0,2756000000.0,2756000000.0,2756000000.0,-232000000.0,0.0,0.082,8015000000.0,4016000000.0,3023000000.0,0.583,1.807,18.838,18.845,9624000000.0,0.0,31.66,1.54,1.54,3977000000.0,11633000000.0,33719000000.0,33719000000.0,0.0,0.048,0.093,0.21,0.133,142000000.0,7284000000.0,1.0,1639862628.0,1639862628.0,,20.562,20355000000.0,394000000.0,1257000000.0,3983000000.0,12.413,-1575000000.0
58,MDLZ,MRT,2006-12-31,2006-12-31,2006-12-31,2021-08-25,-3069000000.0,55574000000.0,57612500000.0,8254000000.0,47320000000.0,0.577,17.372,-1169000000.0,239000000.0,239000000.0,21344000000.0,3060000000.0,0.788,0.946,10214000000.0,3133000000.0,7081000000.0,10214000000.0,0.0,891000000.0,0.0,0.027,0.96,4386000000.0,5277000000.0,0.159,5277000000.0,4386000000.0,3876000000.0,1.86,1.85,1.86,28555000000.0,29824500000.0,28555000000.0,68820959173.0,16.0,13.042,2551000000.0,1.552,1.0,11912000000.0,0.358,35730000000.0,510000000.0,19346000000.0,22448000000.0,3506000000.0,0.0,0.0,0.0,27019000000.0,10473000000.0,16546000000.0,58682959173.0,-77000000.0,946000000.0,-1254000000.0,-912000000.0,-1562000000.0,-3720000000.0,-116000000.0,0.0,3720000000.0,39000000.0,3060000000.0,3060000000.0,3060000000.0,-232000000.0,0.0,0.092,8009000000.0,3903000000.0,3209000000.0,0.516,2.055,19.177,19.194,9693000000.0,0.0,35.7,1.765,1.765,3869000000.0,11128000000.0,33256000000.0,33256000000.0,0.0,0.053,0.103,0.195,0.132,142000000.0,7120000000.0,1.0,1643780369.0,1643780369.0,,20.231,19844000000.0,387000000.0,816000000.0,4081000000.0,12.072,-2219000000.0
59,MDLZ,MRT,2006-09-30,2006-09-30,2006-09-30,2021-08-25,-1256000000.0,58840000000.0,58126000000.0,8959000000.0,49881000000.0,0.596,18.404,-1074000000.0,655000000.0,655000000.0,22134000000.0,3209000000.0,0.824,0.936,10793000000.0,3712000000.0,7081000000.0,10793000000.0,0.0,882000000.0,0.0,0.026,0.94,4745000000.0,5627000000.0,0.162,5627000000.0,4745000000.0,4221000000.0,1.94,1.92,1.94,30398000000.0,30084000000.0,30398000000.0,69350041090.0,15.0,12.325,3148000000.0,1.906,1.0,12514000000.0,0.361,35815000000.0,524000000.0,22292000000.0,23604500000.0,3857000000.0,0.0,0.0,0.0,28442000000.0,10871000000.0,17571000000.0,58901041090.0,420000000.0,690000000.0,-1335000000.0,-555000000.0,-1538000000.0,-3529000000.0,-295000000.0,0.0,4222000000.0,22000000.0,3209000000.0,3209000000.0,3209000000.0,0.0,0.0,0.093,8012000000.0,4502000000.0,2851000000.0,0.485,1.938,18.355,18.381,9809000000.0,0.0,35.66,1.7,1.7,3573000000.0,10914000000.0,34648000000.0,34648000000.0,0.0,0.055,0.107,0.201,0.137,0.0,7168000000.0,1.0,1651739795.0,1651739795.0,,20.977,23025000000.0,549000000.0,1012000000.0,6141000000.0,13.94,-1912000000.0
60,MDLZ,MRT,2006-06-30,2006-06-30,2006-06-30,2021-08-25,-1205000000.0,58222000000.0,57941500000.0,8374000000.0,49848000000.0,0.595,18.283,-1180000000.0,402000000.0,402000000.0,22092000000.0,3135000000.0,0.863,0.917,10851000000.0,3373000000.0,7478000000.0,10851000000.0,0.0,876000000.0,0.0,0.03,0.92,4537000000.0,5413000000.0,0.157,5413000000.0,4537000000.0,4008000000.0,1.88,1.87,1.88,30368000000.0,29928250000.0,30368000000.0,61903561103.0,14.0,11.436,2598000000.0,1.564,1.0,12370000000.0,0.359,35413000000.0,529000000.0,23560000000.0,24356250000.0,3550000000.0,0.0,0.0,0.0,27854000000.0,9698000000.0,18156000000.0,51323561103.0,6000000.0,119000000.0,-1433000000.0,230000000.0,-1506000000.0,-2806000000.0,-986000000.0,0.0,3778000000.0,20000000.0,3135000000.0,3135000000.0,3135000000.0,0.0,0.0,0.091,7824000000.0,4546000000.0,2569000000.0,0.489,1.69,16.371,16.436,9762000000.0,0.0,30.9,1.489,1.489,3549000000.0,10578000000.0,34462000000.0,34462000000.0,0.0,0.054,0.105,0.186,0.132,0.0,7079000000.0,1.0,1660956670.0,1660956670.0,,20.748,22809000000.0,625000000.0,873000000.0,6267000000.0,13.732,-1324000000.0
61,MDLZ,MRT,2006-03-31,2006-03-31,2006-03-31,2021-08-25,-1566000000.0,57814000000.0,57937750000.0,8318000000.0,49496000000.0,0.59,17.965,-1217000000.0,267000000.0,267000000.0,21932000000.0,2925000000.0,0.956,0.929,10847000000.0,2371000000.0,8476000000.0,10847000000.0,0.0,877000000.0,0.0,0.03,0.895,4323000000.0,5200000000.0,0.152,5200000000.0,4323000000.0,3767000000.0,1.75,1.74,1.75,29977000000.0,29800250000.0,29977000000.0,60808039905.0,14.0,11.694,2485000000.0,1.489,1.0,12245000000.0,0.358,35099000000.0,556000000.0,24594000000.0,24748750000.0,3587000000.0,0.0,0.0,0.0,27837000000.0,8701000000.0,19136000000.0,50576039905.0,47000000.0,1566000000.0,-1323000000.0,-1499000000.0,-1472000000.0,-4028000000.0,377000000.0,0.0,3702000000.0,-4000000.0,2925000000.0,2925000000.0,2925000000.0,286000000.0,0.0,0.086,7633000000.0,4612000000.0,2492000000.0,0.511,1.687,17.291,17.32,9780000000.0,0.0,30.31,1.48,1.48,3431000000.0,10277000000.0,34177000000.0,34177000000.0,0.0,0.05,0.098,0.175,0.126,0.0,7085000000.0,1.0,1668625533.0,1668625533.0,,20.482,22715000000.0,756000000.0,842000000.0,6400000000.0,13.613,-383000000.0
62,MDLZ,MRT,2005-12-31,2005-12-31,2005-12-31,2021-08-25,-1663000000.0,57628000000.0,58519250000.0,8153000000.0,49475000000.0,0.583,17.599,-1171000000.0,316000000.0,316000000.0,21845000000.0,2632000000.0,0.935,0.947,10548000000.0,2073000000.0,8475000000.0,10548000000.0,0.0,879000000.0,0.0,0.031,0.87,4477000000.0,5356000000.0,0.157,5356000000.0,4477000000.0,3841000000.0,1.56,1.55,1.56,29593000000.0,29837000000.0,29593000000.0,57916313410.0,13.0,10.813,2293000000.0,1.364,1.0,12268000000.0,0.36,35164000000.0,636000000.0,23972000000.0,25453000000.0,3343000000.0,0.0,0.0,0.0,28035000000.0,8724000000.0,19311000000.0,47368313410.0,34000000.0,1668000000.0,-1175000000.0,-1711000000.0,-1437000000.0,-3951000000.0,525000000.0,0.0,3464000000.0,-4000000.0,2632000000.0,2632000000.0,2632000000.0,272000000.0,0.0,0.077,7519000000.0,4749000000.0,2922000000.0,0.558,1.601,17.997,18.058,9817000000.0,0.0,28.17,1.389,1.389,3385000000.0,9453000000.0,34113000000.0,34113000000.0,0.0,0.045,0.088,0.176,0.131,0.0,7138000000.0,1.0,1681516273.0,1681516273.0,,20.287,22464000000.0,879000000.0,1209000000.0,6304000000.0,13.359,-571000000.0
63,MDLZ,MRT,2005-09-30,2005-09-30,2005-09-30,2021-08-25,-1436000000.0,58102000000.0,59094250000.0,8343000000.0,49759000000.0,0.562,17.481,-1216000000.0,235000000.0,235000000.0,21225000000.0,2487000000.0,1.051,0.951,10783000000.0,1060000000.0,9723000000.0,10783000000.0,0.0,897000000.0,0.0,0.028,0.845,4430000000.0,5327000000.0,0.16,5327000000.0,4430000000.0,3762000000.0,1.47,1.46,1.47,29775000000.0,29916500000.0,29775000000.0,62318656321.0,14.0,11.699,2342000000.0,1.375,1.0,12009000000.0,0.361,35414000000.0,668000000.0,25299000000.0,26222000000.0,3799000000.0,0.0,0.0,0.0,28327000000.0,7937000000.0,20390000000.0,52104656321.0,33000000.0,1658000000.0,-990000000.0,-1828000000.0,-1400000000.0,-4059000000.0,510000000.0,0.0,3558000000.0,24000000.0,2487000000.0,2487000000.0,2487000000.0,321000000.0,0.0,0.075,7256000000.0,4753000000.0,2683000000.0,0.575,1.75,20.951,20.81,9849000000.0,0.0,30.59,1.568,1.568,3335000000.0,9024000000.0,33234000000.0,33234000000.0,0.0,0.042,0.083,0.169,0.133,0.0,7020000000.0,1.0,1703323188.0,1703323188.0,,19.511,22688000000.0,716000000.0,1275000000.0,6017000000.0,13.32,406000000.0
64,MDLZ,MRT,2005-06-30,2005-06-30,2005-06-30,2021-08-25,-1433000000.0,58207000000.0,59391250000.0,8524000000.0,49683000000.0,0.554,17.528,-1094000000.0,396000000.0,396000000.0,20877000000.0,2592000000.0,1.09,0.95,10610000000.0,887000000.0,9723000000.0,10610000000.0,0.0,891000000.0,0.0,0.026,0.82,4527000000.0,5418000000.0,0.165,5418000000.0,4527000000.0,3835000000.0,1.53,1.52,1.53,29856000000.0,29777750000.0,29856000000.0,66298710610.0,15.0,12.237,2874000000.0,1.687,1.0,12018000000.0,0.365,35471000000.0,692000000.0,25130000000.0,26643250000.0,3678000000.0,0.0,0.0,0.0,28351000000.0,7820000000.0,20531000000.0,54182710610.0,232000000.0,1651000000.0,-749000000.0,-2317000000.0,-1360000000.0,-4383000000.0,624000000.0,0.0,3968000000.0,23000000.0,2592000000.0,2592000000.0,2592000000.0,308000000.0,0.0,0.079,7181000000.0,4837000000.0,2496000000.0,0.536,1.815,20.904,20.791,9730000000.0,0.0,31.81,1.647,1.647,3461000000.0,8690000000.0,32895000000.0,32895000000.0,0.0,0.044,0.087,0.17,0.138,0.0,6921000000.0,1.0,1703323188.0,1703323188.0,,19.312,22736000000.0,726000000.0,1243000000.0,6401000000.0,13.348,704000000.0
65,MDLZ,MRT,2005-03-31,2005-03-31,2005-03-31,2021-08-25,-1223000000.0,60140000000.0,59620250000.0,10125000000.0,50015000000.0,0.548,17.65,-997000000.0,220000000.0,220000000.0,20709000000.0,2818000000.0,1.103,0.996,12336000000.0,2612000000.0,9724000000.0,12336000000.0,0.0,888000000.0,0.0,0.024,0.795,4794000000.0,5682000000.0,0.174,5682000000.0,4794000000.0,4117000000.0,1.65,1.64,1.65,30124000000.0,29533000000.0,30124000000.0,68416822703.0,14.0,12.041,2759000000.0,1.617,1.0,11943000000.0,0.366,35664000000.0,677000000.0,27411000000.0,27117250000.0,3712000000.0,0.0,0.0,0.0,30016000000.0,9181000000.0,20835000000.0,56407822703.0,-67000000.0,190000000.0,-703000000.0,-767000000.0,-1321000000.0,-3113000000.0,-735000000.0,0.0,3756000000.0,25000000.0,2818000000.0,2818000000.0,2818000000.0,0.0,0.0,0.086,7147000000.0,4796000000.0,2338000000.0,0.482,1.873,20.017,20.03,9821000000.0,0.0,33.05,1.728,1.728,3635000000.0,8520000000.0,32652000000.0,32652000000.0,0.0,0.047,0.095,0.177,0.147,0.0,6786000000.0,1.0,1706741988.0,1706741988.0,,19.131,24476000000.0,775000000.0,1299000000.0,6210000000.0,14.341,944000000.0
66,MDLZ,MRT,2004-12-31,2004-12-31,2004-12-31,2021-08-25,-1205000000.0,59928000000.0,59407500000.0,9722000000.0,50206000000.0,0.541,17.492,-1006000000.0,282000000.0,282000000.0,20281000000.0,2665000000.0,1.071,1.004,12291000000.0,2568000000.0,9723000000.0,12291000000.0,0.0,879000000.0,0.0,0.022,0.77,4605000000.0,5484000000.0,0.17,5484000000.0,4605000000.0,3939000000.0,1.56,1.55,1.56,29911000000.0,29203750000.0,29911000000.0,73320486582.0,16.0,13.37,3002000000.0,1.756,1.0,11887000000.0,0.37,35811000000.0,666000000.0,27048000000.0,27187750000.0,3447000000.0,0.0,0.0,0.0,30017000000.0,9078000000.0,20939000000.0,60891486582.0,-232000000.0,-119000000.0,-688000000.0,-645000000.0,-1280000000.0,-3218000000.0,-1056000000.0,0.0,4008000000.0,34000000.0,2665000000.0,2665000000.0,2665000000.0,4000000.0,0.0,0.083,7275000000.0,4612000000.0,2434000000.0,0.494,2.036,22.849,22.827,9985000000.0,0.0,35.61,1.893,1.893,3541000000.0,8304000000.0,32168000000.0,32168000000.0,0.0,0.045,0.091,0.169,0.143,0.0,6658000000.0,1.0,1709954692.0,1709954692.0,,18.812,24117000000.0,749000000.0,1274000000.0,6638000000.0,14.104,644000000.0
67,MDLZ,MRT,2004-09-30,2004-09-30,2004-09-30,2021-08-25,-1780000000.0,59290000000.0,59246750000.0,8131000000.0,51159000000.0,0.527,17.036,-901000000.0,202000000.0,202000000.0,19564000000.0,2906000000.0,1.035,1.029,12631000000.0,1659000000.0,10972000000.0,12631000000.0,0.0,856000000.0,0.0,0.023,0.745,4886000000.0,5742000000.0,0.184,5742000000.0,4886000000.0,4236000000.0,1.69,1.69,1.69,29220000000.0,28858500000.0,29220000000.0,67191935436.0,14.0,11.702,2886000000.0,1.683,1.0,11638000000.0,0.373,36882000000.0,650000000.0,26984000000.0,27163250000.0,3797000000.0,0.0,0.0,0.0,30070000000.0,7853000000.0,22217000000.0,54404935436.0,-294000000.0,-55000000.0,-727000000.0,-999000000.0,-1240000000.0,-3183000000.0,-927000000.0,0.0,3787000000.0,29000000.0,2906000000.0,2906000000.0,2906000000.0,-142000000.0,0.0,0.093,6890000000.0,4748000000.0,2122000000.0,0.441,1.862,18.722,18.769,9835000000.0,0.0,31.72,1.744,1.744,3248000000.0,7993000000.0,31202000000.0,31202000000.0,0.0,0.049,0.101,0.18,0.157,0.0,6416000000.0,1.0,1715161899.0,1715161899.0,,18.192,22408000000.0,660000000.0,1330000000.0,6373000000.0,13.065,278000000.0
68,MDLZ,MRT,2004-06-30,2004-06-30,2004-06-30,2021-08-25,-1827000000.0,59123000000.0,58980750000.0,8060000000.0,51063000000.0,0.525,16.782,-941000000.0,164000000.0,164000000.0,19270000000.0,2937000000.0,1.006,1.047,12951000000.0,1979000000.0,10972000000.0,12951000000.0,0.0,849000000.0,0.0,0.023,0.72,5050000000.0,5899000000.0,0.191,5899000000.0,5050000000.0,4404000000.0,1.7,1.7,1.7,28877000000.0,28489250000.0,28877000000.0,67349182824.0,13.0,11.417,2931000000.0,1.703,1.0,11694000000.0,0.378,36876000000.0,646000000.0,27026000000.0,27175750000.0,3598000000.0,0.0,0.0,0.0,30246000000.0,8008000000.0,22238000000.0,54511182824.0,-1342000000.0,-49000000.0,-600000000.0,-2051000000.0,-1189000000.0,-4283000000.0,-953000000.0,0.0,3872000000.0,22000000.0,2937000000.0,2937000000.0,2937000000.0,-129000000.0,0.0,0.095,6768000000.0,4926000000.0,2163000000.0,0.424,1.888,18.56,18.635,9805000000.0,0.0,31.68,1.76,1.76,3365000000.0,7527000000.0,30964000000.0,30964000000.0,0.0,0.05,0.103,0.186,0.163,0.0,6363000000.0,1.0,1720681276.0,1720681276.0,,17.995,22247000000.0,659000000.0,1467000000.0,6296000000.0,12.929,52000000.0
69,MDLZ,MRT,2004-03-31,2004-03-31,2004-03-31,2021-08-25,-1639000000.0,59289000000.0,59170250000.0,8221000000.0,51068000000.0,0.519,16.711,-1013000000.0,287000000.0,287000000.0,18858000000.0,3188000000.0,1.08,1.058,13125000000.0,1429000000.0,11696000000.0,13125000000.0,0.0,829000000.0,0.0,0.022,0.69,5448000000.0,6277000000.0,0.204,6277000000.0,5448000000.0,4797000000.0,1.85,1.85,1.85,28807000000.0,28159250000.0,28807000000.0,67586307187.0,12.0,10.767,3285000000.0,1.906,1.0,11856000000.0,0.386,36819000000.0,651000000.0,27693000000.0,26598750000.0,3549000000.0,0.0,0.0,0.0,30482000000.0,7615000000.0,22867000000.0,55181307187.0,120000000.0,-116000000.0,-445000000.0,-422000000.0,-1139000000.0,-3117000000.0,-1093000000.0,0.0,4298000000.0,32000000.0,3188000000.0,3188000000.0,3188000000.0,-107000000.0,0.0,0.104,6511000000.0,5345000000.0,2177000000.0,0.373,1.916,17.309,17.303,9995000000.0,0.0,32.01,1.797,1.797,3455000000.0,7105000000.0,30714000000.0,30714000000.0,0.0,0.054,0.113,0.205,0.177,0.0,6236000000.0,1.0,1723877138.0,1723877138.0,,17.817,22470000000.0,671000000.0,1609000000.0,6308000000.0,13.035,606000000.0
70,MDLZ,MRT,2003-12-31,2003-12-31,2003-12-31,2021-08-25,-1792000000.0,59285000000.0,58833750000.0,8124000000.0,51161000000.0,0.518,16.513,-1085000000.0,514000000.0,514000000.0,18531000000.0,3476000000.0,1.033,1.078,12919000000.0,1328000000.0,11591000000.0,12919000000.0,0.0,813000000.0,0.0,0.02,0.66,5953000000.0,6766000000.0,0.222,6766000000.0,5953000000.0,5288000000.0,2.01,2.01,2.01,28530000000.0,27576500000.0,28530000000.0,68784563156.0,12.0,10.166,3034000000.0,1.756,1.0,11967000000.0,0.392,36879000000.0,665000000.0,26950000000.0,26360250000.0,3343000000.0,0.0,0.0,0.0,30755000000.0,7861000000.0,22894000000.0,55667563156.0,299000000.0,-2000000.0,-372000000.0,-852000000.0,-1089000000.0,-2786000000.0,-1049000000.0,0.0,4119000000.0,15000000.0,3476000000.0,3476000000.0,3476000000.0,-97000000.0,0.0,0.114,6107000000.0,5860000000.0,2548000000.0,0.328,1.951,16.015,16.03,10155000000.0,0.0,32.22,1.825,1.825,3369000000.0,7020000000.0,30498000000.0,30498000000.0,0.0,0.059,0.126,0.226,0.195,0.0,6123000000.0,1.0,1727733183.0,1727733183.0,,17.652,22406000000.0,681000000.0,1812000000.0,6307000000.0,12.968,263000000.0
71,MDLZ,MRT,2003-09-30,2003-09-30,2003-09-30,2021-08-25,-2225000000.0,58226000000.0,58287500000.0,7920000000.0,50306000000.0,0.516,16.021,-1185000000.0,496000000.0,496000000.0,18152000000.0,3538000000.0,1.027,1.099,13613000000.0,1974000000.0,11639000000.0,13613000000.0,0.0,784000000.0,0.0,0.021,0.63,6095000000.0,6879000000.0,0.229,6879000000.0,6095000000.0,5407000000.0,2.05,2.05,2.05,27743000000.0,26902000000.0,27743000000.0,62953245982.0,10.0,9.152,3129000000.0,1.807,1.0,11900000000.0,0.396,36600000000.0,688000000.0,27034000000.0,26333750000.0,3549000000.0,0.0,0.0,0.0,30483000000.0,7709000000.0,22774000000.0,51083245982.0,369000000.0,60000000.0,-219000000.0,654000000.0,-1038000000.0,-2865000000.0,-1083000000.0,0.0,4314000000.0,3000000.0,3538000000.0,3538000000.0,3538000000.0,-97000000.0,0.0,0.118,5893000000.0,6007000000.0,1878000000.0,0.307,1.841,14.438,14.39,9886000000.0,0.0,29.5,1.7,1.7,3080000000.0,6444000000.0,30052000000.0,30052000000.0,0.0,0.061,0.132,0.231,0.203,0.0,5989000000.0,1.0,1731635457.0,1731635457.0,,17.355,21626000000.0,474000000.0,1869000000.0,5976000000.0,12.489,211000000.0
72,MDLZ,MRT,2003-06-30,2003-06-30,2003-06-30,2021-08-25,-1967000000.0,59881000000.0,57921500000.0,9206000000.0,50675000000.0,0.514,15.915,-1238000000.0,1506000000.0,1506000000.0,17838000000.0,3597000000.0,0.906,1.173,13376000000.0,2436000000.0,10940000000.0,13376000000.0,0.0,760000000.0,0.0,0.018,0.6,6246000000.0,7006000000.0,0.235,7006000000.0,6246000000.0,5507000000.0,2.08,2.08,2.08,27557000000.0,26298500000.0,27557000000.0,69600214947.0,11.0,9.934,2916000000.0,1.684,1.0,11950000000.0,0.401,36876000000.0,739000000.0,24718000000.0,25998750000.0,3583000000.0,0.0,0.0,0.0,32324000000.0,10157000000.0,22167000000.0,56359214947.0,1366000000.0,-7000000.0,-256000000.0,2366000000.0,-1005000000.0,-1585000000.0,-1208000000.0,0.0,4154000000.0,5000000.0,3597000000.0,3597000000.0,3597000000.0,-97000000.0,0.0,0.121,5793000000.0,6157000000.0,3743000000.0,0.288,2.045,15.668,15.649,10018000000.0,0.0,32.55,1.892,1.892,3315000000.0,5926000000.0,29788000000.0,29788000000.0,0.0,0.062,0.137,0.24,0.21,0.0,5873000000.0,1.0,1731465897.0,1731465897.0,,17.204,23005000000.0,526000000.0,1910000000.0,6110000000.0,13.286,-951000000.0
73,MDLZ,MRT,2003-03-31,2003-03-31,2003-03-31,2021-08-25,-2342000000.0,57943000000.0,57088500000.0,7943000000.0,50000000000.0,0.516,15.283,-1209000000.0,167000000.0,167000000.0,17529000000.0,3549000000.0,1.014,1.189,13408000000.0,895000000.0,12513000000.0,13408000000.0,0.0,737000000.0,0.0,0.021,0.58,6237000000.0,6974000000.0,0.237,6974000000.0,6237000000.0,5441000000.0,2.05,2.05,2.05,26476000000.0,25619000000.0,26476000000.0,62185384379.0,10.0,8.917,2610000000.0,1.507,1.0,11931000000.0,0.405,36615000000.0,796000000.0,26739000000.0,25967250000.0,3682000000.0,0.0,0.0,0.0,31467000000.0,7830000000.0,23637000000.0,48852384379.0,15000000.0,73000000.0,-249000000.0,-1976000000.0,-970000000.0,-2702000000.0,-1103000000.0,0.0,3819000000.0,1000000.0,3549000000.0,3549000000.0,3549000000.0,-97000000.0,0.0,0.12,5786000000.0,6145000000.0,2985000000.0,0.283,1.845,13.765,13.756,9687000000.0,0.0,28.2,1.658,1.658,3313000000.0,5221000000.0,29460000000.0,29460000000.0,0.0,0.062,0.139,0.24,0.212,0.0,5775000000.0,1.0,1732354056.0,1732354056.0,,17.006,21328000000.0,517000000.0,1892000000.0,6098000000.0,12.312,113000000.0
74,MDLZ,MRT,2002-12-31,2002-12-31,2002-12-31,2021-08-25,-2467000000.0,57100000000.0,56562000000.0,7456000000.0,49644000000.0,0.517,14.914,-1184000000.0,215000000.0,215000000.0,17463000000.0,3394000000.0,1.04,1.21,13548000000.0,572000000.0,12976000000.0,13548000000.0,0.0,716000000.0,0.0,0.014,0.56,6054000000.0,6770000000.0,0.231,6770000000.0,6054000000.0,5207000000.0,1.96,1.96,1.96,25832000000.0,24969250000.0,25832000000.0,80769832522.0,13.0,11.931,2536000000.0,1.464,1.0,11785000000.0,0.403,36420000000.0,847000000.0,26844000000.0,25261500000.0,3382000000.0,0.0,0.0,0.0,31268000000.0,7169000000.0,24099000000.0,67427832522.0,53000000.0,97000000.0,-170000000.0,-2170000000.0,-936000000.0,-2616000000.0,-1052000000.0,0.0,3720000000.0,1000000.0,3394000000.0,3394000000.0,3394000000.0,-97000000.0,0.0,0.116,5824000000.0,5961000000.0,2834000000.0,0.286,2.61,19.867,19.862,9559000000.0,0.0,38.93,2.305,2.305,3116000000.0,4814000000.0,29248000000.0,29248000000.0,0.0,0.06,0.136,0.24,0.207,0.0,5644000000.0,1.0,1732027550.0,1732027550.0,,16.887,20680000000.0,511000000.0,1813000000.0,5791000000.0,11.94,287000000.0
75,MDLZ,MRT,2002-09-30,2002-09-30,2002-09-30,2021-08-25,-2384000000.0,56762000000.0,56236500000.0,7431000000.0,49331000000.0,0.523,14.599,-1167000000.0,127000000.0,127000000.0,17570000000.0,3011000000.0,0.923,1.241,13469000000.0,598000000.0,12871000000.0,13469000000.0,0.0,940000000.0,0.0,0.015,0.54,5732000000.0,6672000000.0,0.227,6672000000.0,5732000000.0,4823000000.0,1.75,1.75,1.75,25329000000.0,24380750000.0,25329000000.0,76245100000.0,13.0,11.428,2975000000.0,1.715,1.0,11852000000.0,0.403,36363000000.0,909000000.0,25694000000.0,24840250000.0,3588000000.0,0.0,0.0,0.0,31433000000.0,8047000000.0,23386000000.0,63258100000.0,-48000000.0,-110000000.0,-87000000.0,-2959000000.0,-901000000.0,-2922000000.0,-1267000000.0,0.0,4142000000.0,-1000000.0,3011000000.0,3011000000.0,3011000000.0,0.0,0.0,0.102,6129000000.0,5723000000.0,3453000000.0,0.309,2.497,21.009,20.834,9367000000.0,0.0,36.46,2.15,2.15,3138000000.0,4143000000.0,29422000000.0,29422000000.0,0.0,0.054,0.123,0.231,0.195,0.0,5538000000.0,1.0,1735000000.0,1735000000.0,,16.958,20399000000.0,323000000.0,1812000000.0,5673000000.0,11.757,-616000000.0
76,MDLZ,MRT,2002-06-30,2002-06-30,2002-06-30,2021-08-25,-2350000000.0,56549000000.0,55001750000.0,7410000000.0,49139000000.0,0.531,14.316,-1096000000.0,140000000.0,140000000.0,17558000000.0,2645000000.0,0.859,1.277,13127000000.0,579000000.0,12548000000.0,13127000000.0,0.0,1151000000.0,0.0,0.01,0.39,5349000000.0,6500000000.0,0.222,6500000000.0,5349000000.0,4394000000.0,1.54,1.54,1.54,24839000000.0,23875250000.0,24839000000.0,84809250000.0,16.0,13.048,2749000000.0,1.584,1.0,11666000000.0,0.399,36315000000.0,955000000.0,24592000000.0,24948500000.0,3376000000.0,0.0,0.0,0.0,31710000000.0,8629000000.0,23081000000.0,71048250000.0,-47000000.0,-64000000.0,-18000000.0,-3564000000.0,-676000000.0,-2781000000.0,-1112000000.0,0.0,3845000000.0,1000000.0,2645000000.0,2645000000.0,2645000000.0,0.0,0.0,0.091,6327000000.0,5339000000.0,4170000000.0,0.253,2.86,26.861,26.591,9288000000.0,0.0,40.95,2.431,2.431,3266000000.0,3534000000.0,29224000000.0,29224000000.0,0.0,0.048,0.111,0.214,0.183,0.0,5498000000.0,1.0,1735000000.0,1735000000.0,,16.844,20234000000.0,365000000.0,1749000000.0,5635000000.0,11.662,-1219000000.0
77,MDLZ,MRT,2002-03-31,2002-03-31,2002-03-31,2021-08-25,-2637000000.0,55837000000.0,53804000000.0,7311000000.0,48526000000.0,0.542,13.762,-1122000000.0,152000000.0,152000000.0,17574000000.0,2249000000.0,0.751,1.339,13913000000.0,2109000000.0,11804000000.0,13913000000.0,0.0,1389000000.0,0.0,0.007,0.26,5096000000.0,6485000000.0,0.222,6485000000.0,5096000000.0,3911000000.0,1.35,1.35,1.35,23877000000.0,23417500000.0,23877000000.0,81250750000.0,16.0,12.529,2420000000.0,1.395,1.0,11610000000.0,0.398,35944000000.0,1185000000.0,23916000000.0,25462750000.0,3309000000.0,0.0,0.0,0.0,31960000000.0,9738000000.0,22222000000.0,67057750000.0,-11000000.0,-121000000.0,8425000000.0,-10547000000.0,-450000000.0,-2349000000.0,-1199000000.0,0.0,3542000000.0,-5000000.0,2249000000.0,2249000000.0,2249000000.0,0.0,0.0,0.077,6522000000.0,5088000000.0,3724000000.0,0.193,2.808,29.817,28.63,9094000000.0,0.0,38.65,2.298,2.298,3195000000.0,2859000000.0,29184000000.0,29184000000.0,0.0,0.042,0.096,0.2,0.175,0.0,5547000000.0,1.0,1735000000.0,1735000000.0,,16.821,19893000000.0,407000000.0,1662000000.0,5573000000.0,11.466,-2427000000.0
78,MDLZ,MRT,2001-12-31,2001-12-31,2001-12-31,2021-08-25,-2568000000.0,55798000000.0,52858000000.0,7006000000.0,48792000000.0,0.553,13.532,-1101000000.0,162000000.0,162000000.0,17566000000.0,1882000000.0,0.789,1.377,14355000000.0,1221000000.0,13134000000.0,14355000000.0,0.0,1642000000.0,0.0,0.004,0.13,4884000000.0,6526000000.0,0.223,6526000000.0,4884000000.0,3447000000.0,1.17,1.17,1.17,23478000000.0,21028500000.0,23478000000.0,73237050000.0,15.0,11.222,2227000000.0,1.284,1.0,11668000000.0,0.399,35957000000.0,1437000000.0,25159000000.0,28893250000.0,3026000000.0,0.0,0.0,0.0,32320000000.0,8875000000.0,23445000000.0,59042050000.0,-29000000.0,-173000000.0,8425000000.0,-10473000000.0,-225000000.0,-2131000000.0,-1222000000.0,0.0,3328000000.0,-4000000.0,1882000000.0,1882000000.0,1882000000.0,0.0,0.0,0.064,6792000000.0,4876000000.0,3549000000.0,0.111,2.515,31.372,29.085,9109000000.0,0.0,34.03,2.02,2.02,3131000000.0,2391000000.0,29234000000.0,29234000000.0,0.0,0.036,0.089,0.169,0.167,0.0,5748000000.0,1.0,1735000000.0,1735000000.0,,16.85,19841000000.0,466000000.0,1565000000.0,5259000000.0,11.436,-1869000000.0
79,MDLZ,MRT,2001-09-30,2001-09-30,2001-09-30,2021-08-25,-2417000000.0,51823000000.0,51926250000.0,7348000000.0,44475000000.0,0.481,13.433,-1029000000.0,175000000.0,175000000.0,16674000000.0,1749000000.0,0.873,1.223,14370000000.0,716000000.0,13654000000.0,14370000000.0,0.0,1482000000.0,0.0,0.0,0.0,4558000000.0,6040000000.0,0.242,6040000000.0,4558000000.0,3153000000.0,1.13,1.13,1.13,23307000000.0,18671000000.0,23307000000.0,74030950000.0,16.0,12.257,1515000000.0,0.873,1.0,8287000000.0,0.332,31472000000.0,1405000000.0,26127000000.0,32020250000.0,3273000000.0,0.0,0.0,0.0,28516000000.0,8419000000.0,20097000000.0,59631950000.0,69000000.0,-15257000000.0,8435000000.0,3706000000.0,-9000000.0,13727000000.0,-16198000000.0,0.0,2544000000.0,-4000000.0,1749000000.0,1749000000.0,1749000000.0,0.0,0.0,0.07,3901000000.0,4386000000.0,3919000000.0,0.0,2.559,34.095,30.416,9090000000.0,0.0,34.37,2.389,2.389,3121000000.0,2069000000.0,24961000000.0,24961000000.0,0.0,0.034,0.094,0.142,0.183,0.0,3050000000.0,1.0,1735000000.0,1735000000.0,,14.387,20351000000.0,547000000.0,1404000000.0,2008000000.0,11.73,-1071000000.0
80,MDLZ,MRT,2001-06-30,2001-06-30,2001-06-30,2021-08-25,-2439000000.0,51758000000.0,,7387000000.0,44371000000.0,,13.261,-1031000000.0,187000000.0,187000000.0,15698000000.0,1794000000.0,0.91,1.25,14586000000.0,350000000.0,14236000000.0,14586000000.0,0.0,1352000000.0,0.0,0.0,0.0,4439000000.0,5791000000.0,0.24,5791000000.0,4439000000.0,3168000000.0,1.22,1.22,1.22,23008000000.0,,23008000000.0,78226000000.0,18.0,13.508,1399000000.0,0.806,1.0,8460000000.0,0.35,31388000000.0,1271000000.0,26649000000.0,,3168000000.0,0.0,0.0,0.0,28750000000.0,8120000000.0,20630000000.0,53785000000.0,-166000000.0,-15003000000.0,8443000000.0,3834000000.0,-9000000.0,13421000000.0,-16013000000.0,0.0,2430000000.0,-4000000.0,1794000000.0,1794000000.0,1794000000.0,0.0,0.0,0.074,4193000000.0,4267000000.0,4133000000.0,0.0,2.338,29.98,25.41,9146000000.0,0.0,31.0,2.226,2.226,3212000000.0,1792000000.0,24158000000.0,24158000000.0,0.0,,,,0.184,0.0,3445000000.0,1.0,1735000000.0,1735000000.0,,13.924,20370000000.0,605000000.0,1374000000.0,2019000000.0,11.741,-733000000.0
81,MDLZ,MRT,2001-03-31,2001-03-31,2001-03-31,2021-08-25,-2227000000.0,52053000000.0,,7432000000.0,44621000000.0,,8.254,-960000000.0,163000000.0,163000000.0,14853000000.0,1857000000.0,1.0,2.635,24604000000.0,493000000.0,24111000000.0,24604000000.0,0.0,1199000000.0,0.0,,0.0,4175000000.0,5374000000.0,0.227,5374000000.0,4175000000.0,3223000000.0,1.28,1.28,1.28,14321000000.0,,14321000000.0,,,,1748000000.0,1.007,1.0,8806000000.0,0.372,31423000000.0,952000000.0,37638000000.0,,3257000000.0,0.0,0.0,0.0,37732000000.0,7433000000.0,30299000000.0,,33000000.0,-14931000000.0,0.0,13699000000.0,-1009000000.0,13218000000.0,-15892000000.0,0.0,2708000000.0,-1000000.0,1857000000.0,1857000000.0,1857000000.0,0.0,0.0,0.078,4803000000.0,4003000000.0,3176000000.0,0.0,,,,9344000000.0,0.0,,,,3289000000.0,1318000000.0,23659000000.0,23659000000.0,0.0,,,,0.176,0.0,4161000000.0,1.0,1735000000.0,1735000000.0,,13.636,20630000000.0,433000000.0,1366000000.0,1701000000.0,11.89,-1000000.0
82,MDLZ,MRT,2000-12-31,2000-12-31,2000-12-31,2021-08-25,-2174000000.0,52071000000.0,41203500000.0,7152000000.0,44919000000.0,0.556,8.097,-906000000.0,191000000.0,191000000.0,13959000000.0,2001000000.0,0.942,2.707,24961000000.0,859000000.0,24102000000.0,24961000000.0,0.0,1034000000.0,0.0,,0.0,4012000000.0,5046000000.0,0.22,5046000000.0,4012000000.0,3415000000.0,1.38,1.38,1.38,14048000000.0,13754500000.0,14048000000.0,,,,2348000000.0,1.353,1.0,8963000000.0,0.391,31584000000.0,597000000.0,37667000000.0,27189500000.0,3041000000.0,0.0,0.0,0.0,38023000000.0,7590000000.0,30433000000.0,,96000000.0,-15224000000.0,0.0,14035000000.0,-1009000000.0,12982000000.0,-16138000000.0,0.0,3254000000.0,-2000000.0,2001000000.0,2001000000.0,2001000000.0,0.0,0.0,0.087,5123000000.0,3840000000.0,2836000000.0,0.0,,,,9405000000.0,0.0,,,,3231000000.0,992000000.0,22922000000.0,22922000000.0,0.0,0.049,0.145,0.148,0.175,0.0,4588000000.0,1.0,1735000000.0,1735000000.0,,13.212,20487000000.0,504000000.0,1414000000.0,1704000000.0,11.808,-438000000.0
83,MDLZ,MRT,2000-09-30,2000-09-30,2000-09-30,2021-08-25,,,,,,,,,,,,,,,,,,,,,,,0.0,,,,,,,,,,,,,,,,,,1.0,,,,,,,,,,,,,,,,,,,,,,,,,,,,,,,,,,,,,,,,,,,,,,,,,,,,,,1.0,,,,,,,,,,
84,MDLZ,MRT,2000-06-30,2000-06-30,2000-06-30,2021-08-25,,,,,,,,,,,,,,,,,,,,,,,0.0,,,,,,,,,,,,,,,,,,1.0,,,,,,,,,,,,,,,,,,,,,,,,,,,,,,,,,,,,,,,,,,,,,,,,,,,,,,1.0,,,,,,,,,,
85,MDLZ,MRT,2000-03-31,2000-03-31,2000-03-31,2021-08-25,,,,,,,,,,,,,,,,,,,,,,,0.0,,,,,,,,,,,,,,,,,,1.0,,,,,,,,,,,,,,,,,,,,,,,,,,,,,,,,,,,,,,,,,,,,,,,,,,,,,,1.0,,,,,,,,,,
86,MDLZ,MRT,1999-12-31,1999-12-31,1999-12-31,2021-08-25,-1769000000.0,30336000000.0,,5890000000.0,24446000000.0,,,-860000000.0,95000000.0,95000000.0,14573000000.0,1753000000.0,1.096,1.254,7140000000.0,105000000.0,7035000000.0,7140000000.0,0.0,1030000000.0,0.0,,0.0,3579000000.0,4609000000.0,0.172,4609000000.0,3579000000.0,3040000000.0,1.2,1.2,1.2,13461000000.0,,13461000000.0,,,,1833000000.0,,1.0,12224000000.0,0.456,15296000000.0,539000000.0,16712000000.0,,2563000000.0,0.0,0.0,0.0,16875000000.0,5373000000.0,11502000000.0,,-17000000.0,161000000.0,0.0,535000000.0,-3016000000.0,-2031000000.0,-669000000.0,0.0,2693000000.0,-10000000.0,1753000000.0,1753000000.0,1753000000.0,0.0,0.0,0.065,8645000000.0,3579000000.0,2249000000.0,0.0,,,,6526000000.0,0.0,,,,2755000000.0,,26797000000.0,26797000000.0,0.0,,,,0.134,0.0,8106000000.0,1.0,,,,,15040000000.0,356000000.0,1287000000.0,1432000000.0,,517000000.0
87,MDLZ,MRT,1998-12-31,1998-12-31,1998-12-31,2021-08-25,,,,,,,,-841000000.0,,,15544000000.0,1632000000.0,,,,,,,,1038000000.0,,,0.0,3535000000.0,4573000000.0,0.167,4573000000.0,3535000000.0,2999000000.0,1.12,1.12,1.12,,,,,,,1483000000.0,,1.0,11767000000.0,0.431,,536000000.0,,,,,,,,,,,-10000000.0,-1000000.0,0.0,984000000.0,-2172000000.0,-1565000000.0,-763000000.0,0.0,2324000000.0,-6000000.0,1632000000.0,1632000000.0,1632000000.0,0.0,0.0,0.06,8232000000.0,3535000000.0,,0.0,,,,,0.0,,,,,,27311000000.0,27311000000.0,0.0,,,,0.129,0.0,7688000000.0,1.0,,,,,,,1367000000.0,,,
