None,ticker,dimension,calendardate,datekey,reportperiod,lastupdated,accoci,assets,assetsavg,assetsc,assetsnc,assetturnover,bvps,capex,cashneq,cashnequsd,cor,consolinc,currentratio,de,debt,debtc,debtnc,debtusd,deferredrev,depamor,deposits,divyield,dps,ebit,ebitda,ebitdamargin,ebitdausd,ebitusd,ebt,eps,epsdil,epsusd,equity,equityavg,equityusd,ev,evebit,evebitda,fcf,fcfps,fxusd,gp,grossmargin,intangibles,intexp,invcap,invcapavg,inventory,investments,investmentsc,investmentsnc,liabilities,liabilitiesc,liabilitiesnc,marketcap,ncf,ncfbus,ncfcommon,ncfdebt,ncfdiv,ncff,ncfi,ncfinv,ncfo,ncfx,netinc,netinccmn,netinccmnusd,netincdis,netincnci,netmargin,opex,opinc,payables,payoutratio,pb,pe,pe1,ppnenet,prefdivis,price,ps,ps1,receivables,retearn,revenue,revenueusd,rnd,roa,roe,roic,ros,sbcomp,sgna,sharefactor,sharesbas,shareswa,shareswadil,sps,tangibles,taxassets,taxexp,taxliabilities,tbvps,workingcapital
0,ULTA,MRY,2020-12-31,2021-01-30,2021-01-30,2021-08-25,56000.0,5089969000.0,5247158750.0,2514777000.0,2575192000.0,1.172,35.484,-151866000.0,1046051000.0,1046051000.0,4202794000.0,175835000.0,1.872,1.546,1896801000.0,253415000.0,1643386000.0,1896801000.0,274383000.0,565843000.0,0.0,0.0,0.0,236820000.0,802663000.0,0.13,802663000.0,236820000.0,231085000.0,3.12,3.11,3.12,1999549000.0,1844684500.0,1999549000.0,17114316647.0,72.0,21.322,658489000.0,11.685,1.0,1949159000.0,0.317,13335000.0,5735000.0,4583671000.0,5439391000.0,1168215000.0,0.0,0.0,0.0,3090420000.0,1343713000.0,1746707000.0,15761297647.0,653726000.0,-1220000.0,-106019000.0,-1915000.0,0.0,-107934000.0,-48751000.0,104335000.0,810355000.0,56000.0,175835000.0,175835000.0,175835000.0,0.0,0.0,0.029,1712339000.0,236820000.0,477052000.0,0.0,7.882,89.637,89.667,2500409000.0,0.0,279.76,2.562,2.563,193109000.0,1189422000.0,6151953000.0,6151953000.0,0.0,0.034,0.095,0.044,0.038,27583000.0,1583017000.0,1.0,56338639.0,56351000,56558000.0,109.172,5076634000.0,0.0,55250000.0,107888000.0,90.09,1171064000.0
1,ULTA,MRY,2019-12-31,2020-02-01,2020-02-01,2021-08-25,0.0,4863872000.0,4817362000.0,2055317000.0,2808555000.0,1.536,32.885,-298534000.0,392325000.0,392325000.0,4717004000.0,705945000.0,1.807,1.557,1938347000.0,239629000.0,1698718000.0,1938347000.0,237535000.0,574419000.0,0.0,0.0,0.0,901094000.0,1475513000.0,0.199,1475513000.0,901094000.0,906150000.0,12.21,12.15,12.21,1902094000.0,1882567250.0,1902094000.0,17034685135.0,19.0,11.545,802759000.0,13.879,1.0,2681064000.0,0.362,14261000.0,-5056000.0,5258372000.0,5306629000.0,1293701000.0,110000000.0,110000000.0,0.0,2961778000.0,1137261000.0,1824517000.0,15314095135.0,-16926000.0,0.0,-646739000.0,0.0,0.0,-646739000.0,-471480000.0,-172946000.0,1101293000.0,0.0,705945000.0,705945000.0,705945000.0,0.0,0.0,0.095,1779970000.0,901094000.0,414009000.0,0.0,8.051,21.693,21.942,2743089000.0,0.0,267.91,2.07,2.095,139337000.0,1128477000.0,7398068000.0,7398068000.0,0.0,0.147,0.375,0.17,0.122,25045000.0,1760716000.0,1.0,57161342.0,57840000,58105000.0,127.906,4849611000.0,16387000.0,200205000.0,89367000.0,83.845,918056000.0
2,ULTA,MRY,2018-12-31,2019-02-02,2019-02-02,2021-08-25,0.0,3191172000.0,3154865250.0,1914861000.0,1276311000.0,2.129,30.406,-319400000.0,409251000.0,409251000.0,4307304000.0,658559000.0,2.325,0.753,0.0,0.0,0.0,0.0,199054000.0,279472000.0,0.0,0.0,0.0,854080000.0,1133552000.0,0.169,1133552000.0,854080000.0,859141000.0,11.0,10.94,11.0,1820218000.0,1812966250.0,1820218000.0,16984242567.0,20.0,14.983,636727000.0,10.636,1.0,2409311000.0,0.359,15187000.0,-5061000.0,1942998000.0,2025337750.0,1214329000.0,0.0,0.0,0.0,1370954000.0,823736000.0,547218000.0,17281186567.0,131806000.0,-13606000.0,-609214000.0,0.0,0.0,-609214000.0,-215107000.0,117899000.0,956127000.0,0.0,658559000.0,658559000.0,658559000.0,0.0,0.0,0.098,1555231000.0,854080000.0,404016000.0,0.0,9.494,26.241,26.487,1226029000.0,0.0,291.36,2.573,2.597,136168000.0,1105863000.0,6716615000.0,6716615000.0,0.0,0.209,0.363,0.422,0.127,26636000.0,1535464000.0,1.0,59312145.0,59864000,60181000.0,112.198,3175985000.0,16997000.0,200582000.0,83864000.0,53.053,1091125000.0
3,ULTA,MRY,2017-12-31,2018-02-03,2018-02-03,2021-08-25,0.0,2908687000.0,2788344500.0,1693743000.0,1214944000.0,2.11,28.823,-440714000.0,277445000.0,277445000.0,3787697000.0,555234000.0,2.638,0.639,0.0,0.0,0.0,0.0,113136000.0,252713000.0,0.0,0.0,0.0,786859000.0,1039572000.0,0.177,1039572000.0,786859000.0,786859000.0,9.02,8.96,9.02,1774217000.0,1666818750.0,1774217000.0,13339212394.0,17.0,12.831,338652000.0,5.502,1.0,2096809000.0,0.356,0.0,0.0,1989076000.0,1975788500.0,1096424000.0,120000000.0,120000000.0,0.0,1134470000.0,642166000.0,492304000.0,13385999394.0,-107565000.0,0.0,-355634000.0,-583000.0,0.0,-356217000.0,-530714000.0,-90000000.0,779366000.0,0.0,555234000.0,555234000.0,555234000.0,0.0,0.0,0.094,1311518000.0,785291000.0,325758000.0,0.0,7.545,24.109,24.331,1189453000.0,0.0,219.47,2.275,2.296,99719000.0,1093453000.0,5884506000.0,5884506000.0,0.0,0.199,0.333,0.398,0.134,24399000.0,1287232000.0,1.0,60992388.0,61556000,61975000.0,95.596,2908687000.0,1489000.0,231625000.0,73504000.0,47.253,1051577000.0
4,ULTA,MRY,2016-12-31,2017-01-28,2017-01-28,2021-08-25,0.0,2551878000.0,2406954250.0,1536237000.0,1015641000.0,2.017,24.796,-373447000.0,385010000.0,385010000.0,3107508000.0,409760000.0,2.902,0.646,0.0,0.0,0.0,0.0,0.0,210295000.0,0.0,0.0,0.0,655714000.0,866009000.0,0.178,866009000.0,655714000.0,655714000.0,6.55,6.52,6.55,1550218000.0,1428481750.0,1550218000.0,16759359975.0,26.0,19.352,260938000.0,4.174,1.0,1747229000.0,0.36,0.0,0.0,1637525000.0,1626099750.0,943975000.0,30000000.0,30000000.0,0.0,1001660000.0,529343000.0,472317000.0,16892467975.0,39170000.0,0.0,-330821000.0,0.0,0.0,-321768000.0,-273447000.0,100000000.0,634385000.0,0.0,409760000.0,409760000.0,409760000.0,0.0,0.0,0.084,1092405000.0,654824000.0,259518000.0,0.0,10.897,41.225,41.441,1004358000.0,0.0,271.44,3.48,3.496,88631000.0,905785000.0,4854737000.0,4854737000.0,0.0,0.17,0.287,0.403,0.135,10287000.0,1073834000.0,1.0,62232788.0,62519000,62851000.0,77.652,2551878000.0,0.0,245954000.0,95469000.0,40.818,1006894000.0
5,ULTA,MRY,2015-12-31,2016-01-30,2016-01-30,2021-08-25,0.0,2230918000.0,2166194250.0,1375173000.0,855745000.0,1.812,22.563,-299167000.0,345840000.0,345840000.0,2539783000.0,320008000.0,3.471,0.546,0.0,0.0,0.0,0.0,0.0,165049000.0,0.0,0.0,0.0,507440000.0,672489000.0,0.171,672489000.0,507440000.0,507440000.0,5.0,4.98,5.0,1442886000.0,1365954750.0,1442886000.0,11330866305.0,22.0,16.849,76707000.0,1.2,1.0,1384333000.0,0.353,0.0,0.0,1488851000.0,1447520750.0,761793000.0,130000000.0,130000000.0,0.0,788032000.0,396227000.0,391805000.0,11540418305.0,-43309000.0,0.0,-149722000.0,0.0,0.0,-140225000.0,-278958000.0,20209000.0,375874000.0,0.0,320008000.0,320008000.0,320008000.0,0.0,0.0,0.082,878036000.0,506297000.0,196174000.0,0.0,7.998,36.063,36.234,847600000.0,0.0,181.17,2.941,2.952,64992000.0,832215000.0,3924116000.0,3924116000.0,0.0,0.148,0.234,0.351,0.129,6097000.0,863354000.0,1.0,63699389.0,63949000,64275000.0,61.363,2230918000.0,0.0,187432000.0,72229000.0,34.886,978946000.0
6,ULTA,MRY,2014-12-31,2015-01-31,2015-01-31,2021-08-25,0.0,1983170000.0,1846241500.0,1260355000.0,722815000.0,1.756,19.391,-249067000.0,389149000.0,389149000.0,2104582000.0,257135000.0,3.505,0.59,0.0,0.0,0.0,0.0,0.0,131764000.0,0.0,0.0,0.0,411309000.0,543073000.0,0.168,543073000.0,411309000.0,411309000.0,4.0,3.98,4.0,1247509000.0,1154909750.0,1247509000.0,8197344521.0,20.0,15.094,147525000.0,2.293,1.0,1136787000.0,0.351,0.0,0.0,1234427000.0,1137281250.0,581229000.0,150209000.0,150209000.0,0.0,735661000.0,359594000.0,376067000.0,8492404521.0,-30327000.0,0.0,-30872000.0,0.0,0.0,-27643000.0,-399276000.0,-150209000.0,396592000.0,0.0,257135000.0,257135000.0,257135000.0,0.0,0.0,0.079,726372000.0,410415000.0,190778000.0,0.0,6.807,33.027,32.985,717159000.0,0.0,131.94,2.62,2.619,52440000.0,679593000.0,3241369000.0,3241369000.0,0.0,0.139,0.223,0.362,0.127,11694000.0,712006000.0,1.0,64365655.0,64335000,64651000.0,50.383,1983170000.0,20780000.0,154174000.0,93902000.0,30.826,900761000.0
7,ULTA,MRY,2013-12-31,2014-02-01,2014-02-01,2021-08-25,0.0,1602727000.0,1465410750.0,1002697000.0,600030000.0,1.822,15.675,-226024000.0,419476000.0,419476000.0,1729325000.0,202849000.0,3.758,0.598,0.0,0.0,0.0,0.0,0.0,106283000.0,0.0,0.0,0.0,327706000.0,433989000.0,0.163,433989000.0,327706000.0,327706000.0,3.17,3.15,3.17,1003094000.0,898899750.0,1003094000.0,5264444033.0,16.0,12.13,101701000.0,1.589,1.0,941248000.0,0.352,0.0,0.0,916440000.0,896647500.0,457933000.0,0.0,0.0,0.0,599633000.0,266811000.0,332822000.0,5505360033.0,99001000.0,0.0,-16078000.0,0.0,0.0,-2700000.0,-226024000.0,0.0,327725000.0,0.0,202849000.0,202849000.0,202849000.0,0.0,0.0,0.076,613660000.0,327588000.0,148282000.0,0.0,5.488,27.14,27.038,595736000.0,0.0,85.71,2.061,2.054,47049000.0,462378000.0,2670573000.0,2670573000.0,0.0,0.138,0.226,0.365,0.123,2625000.0,596390000.0,1.0,64232412.0,63992000,64461000.0,41.733,1602727000.0,22246000.0,124857000.0,82067000.0,25.046,735886000.0
8,ULTA,MRY,2012-12-31,2013-02-02,2013-02-02,2021-08-25,0.0,1275249000.0,1151316250.0,789324000.0,485925000.0,1.928,12.442,-188578000.0,320475000.0,320475000.0,1436582000.0,172549000.0,3.571,0.621,0.0,0.0,0.0,0.0,0.0,88233000.0,0.0,0.01,1.0,279978000.0,368211000.0,0.166,368211000.0,279978000.0,279793000.0,2.73,2.68,2.73,786942000.0,679633000.0,786942000.0,6028745141.0,22.0,16.373,50423000.0,0.797,1.0,783674000.0,0.353,0.0,185000.0,733707000.0,676471500.0,361125000.0,0.0,0.0,0.0,488307000.0,221067000.0,267240000.0,6220469141.0,66737000.0,0.0,31451000.0,0.0,-62482000.0,16314000.0,-188578000.0,0.0,239001000.0,0.0,172549000.0,172549000.0,172549000.0,0.0,0.0,0.078,503696000.0,279978000.0,118886000.0,0.366,7.905,36.05,35.729,483059000.0,0.0,97.54,2.802,2.779,41515000.0,296861000.0,2220256000.0,2220256000.0,0.0,0.15,0.254,0.414,0.126,-33970000.0,488880000.0,1.0,63773520.0,63250000,64396000.0,35.103,1275249000.0,15757000.0,107244000.0,66415000.0,20.162,568257000.0
9,ULTA,MRY,2011-12-31,2012-01-28,2012-01-28,2021-08-25,0.0,957217000.0,867236000.0,580232000.0,376985000.0,2.048,9.545,-128636000.0,253738000.0,253738000.0,1159311000.0,120264000.0,3.52,0.637,0.0,0.0,0.0,0.0,0.0,75931000.0,0.0,0.0,0.0,196195000.0,272126000.0,0.153,272126000.0,196195000.0,195608000.0,1.96,1.9,1.96,584704000.0,509133500.0,584704000.0,4654105982.0,24.0,17.103,92251000.0,1.506,1.0,616840000.0,0.347,0.0,587000.0,538624000.0,535393250.0,244647000.0,0.0,0.0,0.0,372513000.0,164855000.0,207658000.0,4784762982.0,142553000.0,0.0,24403000.0,0.0,0.0,50302000.0,-128636000.0,0.0,220887000.0,0.0,120264000.0,120264000.0,120264000.0,0.0,0.0,0.068,420645000.0,196195000.0,86442000.0,0.0,8.183,39.785,39.444,376985000.0,0.0,77.31,2.694,2.666,26153000.0,186794000.0,1776151000.0,1776151000.0,0.0,0.139,0.236,0.366,0.11,-14294000.0,410658000.0,1.0,61890609.0,61259000,63334000.0,28.994,957217000.0,12264000.0,75344000.0,48197000.0,15.626,415377000.0
10,ULTA,MRY,2010-12-31,2011-01-29,2011-01-29,2021-08-25,0.0,730488000.0,651749500.0,404389000.0,326099000.0,2.232,6.827,-97115000.0,111185000.0,111185000.0,970753000.0,71030000.0,2.475,0.815,0.0,0.0,0.0,0.0,0.0,64936000.0,0.0,0.0,0.0,118884000.0,183820000.0,0.126,183820000.0,118884000.0,118129000.0,1.2,1.16,1.2,402533000.0,347630250.0,402533000.0,2175468872.0,18.0,11.835,79428000.0,1.347,1.0,484085000.0,0.333,0.0,755000.0,455946000.0,460773750.0,218516000.0,0.0,0.0,0.0,327955000.0,163357000.0,164598000.0,2183819872.0,107168000.0,0.0,17100000.0,0.0,0.0,27740000.0,-97115000.0,0.0,176543000.0,0.0,71030000.0,71030000.0,71030000.0,0.0,0.0,0.049,365201000.0,118884000.0,87093000.0,0.0,5.425,30.745,30.608,326099000.0,0.0,36.73,1.501,1.489,22292000.0,66530000.0,1454838000.0,1454838000.0,0.0,0.109,0.204,0.258,0.082,515000.0,358106000.0,1.0,59456027.0,58959000,61288000.0,24.675,730488000.0,19606000.0,47099000.0,30026000.0,12.39,241032000.0
11,ULTA,MRY,2009-12-31,2010-01-30,2010-01-30,2021-08-25,0.0,553635000.0,573441000.0,262774000.0,290861000.0,2.132,5.052,-68105000.0,4017000.0,4017000.0,846202000.0,39356000.0,2.08,0.892,0.0,0.0,0.0,0.0,0.0,62166000.0,0.0,0.0,0.0,68153000.0,130319000.0,0.107,130319000.0,68153000.0,65951000.0,0.68,0.66,0.68,292608000.0,268309750.0,292608000.0,1162578993.0,17.0,8.921,104722000.0,1.808,1.0,376569000.0,0.308,0.0,2202000.0,423261000.0,482793000.0,206948000.0,0.0,0.0,0.0,261027000.0,126357000.0,134670000.0,1127211993.0,379000.0,0.0,1228000.0,-106047000.0,0.0,-104343000.0,-68105000.0,0.0,172827000.0,0.0,39356000.0,39356000.0,39356000.0,0.0,0.0,0.032,308416000.0,68153000.0,56387000.0,0.0,3.852,28.641,28.529,290861000.0,0.0,19.4,0.922,0.919,13477000.0,-4500000.0,1222771000.0,1222771000.0,0.0,0.069,0.147,0.141,0.056,5473000.0,302413000.0,1.0,58103711.0,57915000,59237000.0,21.113,553635000.0,8060000.0,26595000.0,31733000.0,9.559,136417000.0
12,ULTA,MRY,2008-12-31,2009-01-31,2009-01-31,2021-08-25,-631000.0,568932000.0,563187500.0,276708000.0,292224000.0,1.926,4.266,-110863000.0,3638000.0,3638000.0,752939000.0,25268000.0,2.365,1.322,106047000.0,18000000.0,88047000.0,106047000.0,0.0,51445000.0,0.0,0.0,0.0,46301000.0,97746000.0,0.09,97746000.0,46301000.0,42358000.0,0.44,0.43,0.44,244968000.0,229830750.0,244968000.0,470554758.0,10.0,4.814,-35660000.0,-0.621,1.0,331707000.0,0.306,0.0,3943000.0,554328000.0,527868500.0,213602000.0,0.0,0.0,0.0,323964000.0,117013000.0,206951000.0,336222758.0,-151000.0,0.0,2458000.0,31277000.0,0.0,35509000.0,-110863000.0,0.0,75203000.0,0.0,25268000.0,25268000.0,25268000.0,0.0,0.0,0.023,285406000.0,46301000.0,47811000.0,0.0,1.373,13.306,13.25,292224000.0,0.0,5.83,0.31,0.309,18268000.0,-43856000.0,1084646000.0,1084646000.0,0.0,0.045,0.11,0.088,0.043,2103000.0,271095000.0,1.0,57671142.0,57425000,58967000.0,18.888,568932000.0,16906000.0,17090000.0,17616000.0,9.907,159695000.0
13,ULTA,MRY,2007-12-31,2008-02-02,2008-02-02,2021-08-25,-719000.0,469413000.0,436977750.0,228944000.0,240469000.0,2.087,10.376,-101866000.0,3789000.0,3789000.0,628495000.0,25335000.0,2.046,1.219,74770000.0,0.0,74770000.0,74770000.0,0.0,39503000.0,0.0,0.0,0.0,46721000.0,86224000.0,0.095,86224000.0,46721000.0,42179000.0,0.69,0.48,0.69,211503000.0,180903000.0,211503000.0,931450162.0,20.0,10.803,-54960000.0,-2.696,1.0,283646000.0,0.311,0.0,4542000.0,428489000.0,387578500.0,176109000.0,0.0,0.0,0.0,257910000.0,111905000.0,146005000.0,837962162.0,144000.0,0.0,122833000.0,24033000.0,-93012000.0,50637000.0,-97399000.0,4467000.0,46906000.0,0.0,25335000.0,14116000.0,14116000.0,0.0,0.0,0.015,236925000.0,46721000.0,52122000.0,0.0,3.962,59.363,21.377,236389000.0,11219000.0,14.75,0.919,0.33,20643000.0,-69124000.0,912141000.0,912141000.0,0.0,0.032,0.078,0.121,0.051,708000.0,225167000.0,1.0,56810994.0,20383000,53293000.0,44.75,469413000.0,13299000.0,16844000.0,5064000.0,23.03,117039000.0
14,ULTA,MRY,2006-12-31,2007-02-03,2007-02-03,2021-08-25,19000.0,338597000.0,310606000.0,172046000.0,166551000.0,2.431,25.777,-62331000.0,3645000.0,3645000.0,519929000.0,22543000.0,2.05,1.244,50737000.0,0.0,50737000.0,50737000.0,0.0,29736000.0,0.0,,0.0,40088000.0,69824000.0,0.092,69824000.0,40088000.0,36774000.0,1.38,0.45,1.38,148760000.0,135887500.0,148760000.0,,,,-6701000.0,-1.161,1.0,235184000.0,0.311,0.0,3314000.0,301748000.0,278963500.0,129237000.0,-4467000.0,0.0,-4467000.0,185045000.0,83941000.0,101104000.0,,806000.0,0.0,-795000.0,5356000.0,0.0,9921000.0,-64745000.0,-2414000.0,55630000.0,0.0,22543000.0,7959000.0,7959000.0,0.0,0.0,0.011,195096000.0,40088000.0,43071000.0,0.0,,,,162080000.0,14584000.0,,,,18476000.0,-83240000.0,755113000.0,755113000.0,0.0,0.026,0.059,0.144,0.053,-4377000.0,188000000.0,1.0,,5771000,49921000.0,130.846,338597000.0,9537000.0,14231000.0,2266000.0,58.672,88105000.0
15,ULTA,MRY,2005-12-31,2006-01-28,2006-01-28,2021-08-25,-49000.0,282615000.0,,145451000.0,137164000.0,,30.048,-41607000.0,2839000.0,2839000.0,404794000.0,15969000.0,2.109,1.258,45381000.0,0.0,45381000.0,45381000.0,0.0,22285000.0,0.0,,0.0,29424000.0,51709000.0,0.089,51709000.0,29424000.0,26473000.0,0.74,0.33,0.74,123015000.0,,123015000.0,,,,-4006000.0,-0.979,1.0,174281000.0,0.301,0.0,2951000.0,256179000.0,,109374000.0,-373000.0,0.0,-373000.0,154808000.0,68978000.0,85830000.0,,-165000.0,0.0,615000.0,2998000.0,0.0,3841000.0,-41607000.0,0.0,37601000.0,0.0,15969000.0,3047000.0,3047000.0,0.0,0.0,0.005,144857000.0,29424000.0,34435000.0,0.0,,,,133003000.0,12922000.0,,,,15757000.0,-91199000.0,579075000.0,579075000.0,0.0,,,,0.051,255000.0,140145000.0,1.0,,4094000,48196000.0,141.445,282615000.0,6501000.0,10504000.0,8047000.0,69.032,76473000.0
16,ULTA,MRY,2004-12-31,2005-01-29,2005-01-29,2021-08-25,,,,,,,,-34807000.0,,,346585000.0,9460000.0,,,,,,,,18304000.0,,,0.0,18496000.0,36800000.0,0.075,36800000.0,18496000.0,15661000.0,-0.7,-0.7,-0.7,,,,,,,-5546000.0,-1.744,1.0,144567000.0,0.294,,2835000.0,,,,,,,,,,,-174000.0,0.0,1801000.0,3571000.0,0.0,5372000.0,-34807000.0,0.0,29261000.0,0.0,9460000.0,-2232000.0,-2232000.0,0.0,0.0,-0.005,126071000.0,18496000.0,,0.0,,,,,11692000.0,,,,,,491152000.0,491152000.0,0.0,,,,0.038,634000.0,121999000.0,1.0,,3180611,3180611.0,154.421,,,6201000.0,,,
0,ULTA,MRQ,2021-06-30,2021-07-31,2021-07-31,2021-08-25,0.0,4954585000.0,,2494934000.0,2459651000.0,,34.382,-22742000.0,770144000.0,770144000.0,1169244000.0,250893000.0,1.806,1.636,1852981000.0,267442000.0,1585539000.0,1852981000.0,265462000.0,137618000.0,0.0,0.0,0.0,332307000.0,469925000.0,0.239,469925000.0,332307000.0,331882000.0,4.59,4.56,4.59,1879813000.0,,1879813000.0,19316640305.0,20.0,12.714,48604000.0,0.889,1.0,797963000.0,0.406,12871000.0,425000.0,4643018000.0,,1443685000.0,0.0,0.0,0.0,3074772000.0,1381533000.0,1693239000.0,18387587305.0,-177312000.0,0.0,-225916000.0,0.0,0.0,-225916000.0,-22742000.0,0.0,71346000.0,0.0,250893000.0,250893000.0,250893000.0,0.0,0.0,0.128,465656000.0,332307000.0,535257000.0,0.0,9.782,25.276,25.653,2379673000.0,0.0,335.8,2.402,2.398,154416000.0,1034831000.0,1967207000.0,1967207000.0,0.0,,,,,10119000.0,464299000.0,1.0,54757556.0,54675000,55014000.0,35.98,4941714000.0,18544000.0,80989000.0,64535000.0,90.383,1113401000.0
1,ULTA,MRQ,2021-03-31,2021-05-01,2021-05-01,2021-08-25,0.0,5087544000.0,,2563756000.0,2523788000.0,,33.062,-34563000.0,947456000.0,947456000.0,1184731000.0,230289000.0,1.684,1.758,1876509000.0,263200000.0,1613309000.0,1876509000.0,270090000.0,139480000.0,0.0,0.0,0.0,305324000.0,444804000.0,0.229,444804000.0,305324000.0,304966000.0,4.13,4.1,4.13,1844717000.0,,1844717000.0,19362061725.0,30.0,16.115,295504000.0,5.296,1.0,753788000.0,0.389,13103000.0,358000.0,4480731000.0,,1353565000.0,0.0,0.0,0.0,3242827000.0,1522763000.0,1720064000.0,18511311725.0,-98595000.0,0.0,-394043000.0,0.0,0.0,-394043000.0,-34563000.0,0.0,330067000.0,-56000.0,230289000.0,230289000.0,230289000.0,0.0,0.0,0.119,448464000.0,305324000.0,552837000.0,0.0,10.035,38.197,38.119,2448056000.0,0.0,329.35,2.676,2.657,154342000.0,1027414000.0,1938519000.0,1938519000.0,0.0,,,,,8978000.0,443875000.0,1.0,56205592.0,55795000,56172000.0,34.744,5074441000.0,0.0,74677000.0,180443000.0,90.948,1040993000.0
2,ULTA,MRQ,2020-12-31,2021-01-30,2021-01-30,2021-08-25,56000.0,5089969000.0,,2514777000.0,2575192000.0,,35.491,-35121000.0,1046051000.0,1046051000.0,1427673000.0,171494000.0,1.872,1.546,1896801000.0,253415000.0,1643386000.0,1896801000.0,274383000.0,143103000.0,0.0,0.0,0.0,224272000.0,367375000.0,0.167,367375000.0,224272000.0,223809000.0,3.04,3.03,3.04,1999549000.0,,1999549000.0,17114316647.0,72.0,21.322,516189000.0,9.162,1.0,771028000.0,0.351,13335000.0,463000.0,4583671000.0,,1168215000.0,0.0,0.0,0.0,3090420000.0,1343713000.0,1746707000.0,15761297647.0,485149000.0,0.0,-31128000.0,-54000.0,0.0,-31182000.0,-35121000.0,0.0,551310000.0,142000.0,171494000.0,171494000.0,171494000.0,0.0,0.0,0.078,546756000.0,224272000.0,477052000.0,0.0,7.882,89.637,89.667,2500409000.0,0.0,279.76,2.562,2.563,193109000.0,1189422000.0,2198701000.0,2198701000.0,0.0,,,,,4604000.0,514140000.0,1.0,56338639.0,56339000,56660000.0,39.026,5076634000.0,0.0,52315000.0,107888000.0,90.109,1171064000.0
3,ULTA,MRQ,2020-09-30,2020-10-31,2020-10-31,2021-08-25,-86000.0,4870994000.0,,2245009000.0,2625985000.0,,32.923,-39655000.0,560902000.0,560902000.0,1006514000.0,74798000.0,1.825,1.627,1913921000.0,252171000.0,1661750000.0,1913921000.0,224862000.0,135903000.0,0.0,0.0,0.0,101277000.0,237180000.0,0.153,237180000.0,101277000.0,99894000.0,1.33,1.32,1.33,1854437000.0,,1854437000.0,13252178214.0,44.0,15.427,203401000.0,3.611,1.0,545519000.0,0.351,13566000.0,1383000.0,4980104000.0,,1439098000.0,0.0,0.0,0.0,3016557000.0,1230343000.0,1786214000.0,11645928214.0,-596416000.0,0.0,578000.0,-800000000.0,0.0,-799422000.0,-39934000.0,-279000.0,243056000.0,-116000.0,74798000.0,74798000.0,74798000.0,0.0,0.0,0.048,444242000.0,101277000.0,478501000.0,0.0,6.28,51.29,51.952,2552292000.0,0.0,206.77,1.861,1.861,136271000.0,1059840000.0,1552033000.0,1552033000.0,0.0,,,,,8384000.0,416378000.0,1.0,56323104.0,56327000,56546000.0,27.554,4857428000.0,8928000.0,25096000.0,95611000.0,86.236,1014666000.0
4,ULTA,MRQ,2020-06-30,2020-08-01,2020-08-01,2021-08-25,30000.0,5497121000.0,,2799188000.0,2697933000.0,,31.443,-35616000.0,1157318000.0,1157318000.0,899002000.0,8052000.0,2.637,2.104,2763568000.0,245019000.0,2518549000.0,2763568000.0,216545000.0,139348000.0,0.0,0.0,0.0,12755000.0,152103000.0,0.124,152103000.0,12755000.0,10138000.0,0.14,0.14,0.14,1770793000.0,,1770793000.0,12612798106.0,34.0,13.548,4691000.0,0.083,1.0,329007000.0,0.268,13797000.0,2617000.0,6028245000.0,,1368543000.0,0.0,0.0,0.0,3726328000.0,1061329000.0,2664999000.0,10867597106.0,113778000.0,-1220000.0,264000.0,-62000.0,0.0,202000.0,73164000.0,110000000.0,40307000.0,105000.0,8052000.0,8052000.0,8052000.0,0.0,0.0,0.007,316252000.0,12755000.0,398011000.0,0.0,6.137,38.536,39.386,2626064000.0,0.0,192.99,1.701,1.701,127992000.0,985042000.0,1228009000.0,1228009000.0,0.0,,,,,8413000.0,271587000.0,1.0,56311711.0,56318000,56497000.0,21.805,5483324000.0,42622000.0,2086000.0,94272000.0,97.364,1737859000.0
5,ULTA,MRQ,2020-03-31,2020-05-02,2020-05-02,2021-08-25,-75000.0,5530551000.0,,2728820000.0,2801731000.0,,31.088,-41474000.0,1043540000.0,1043540000.0,869605000.0,-78509000.0,2.489,2.153,2788741000.0,240496000.0,2548245000.0,2788741000.0,216330000.0,147489000.0,0.0,0.0,0.0,-101484000.0,46005000.0,0.039,46005000.0,-101484000.0,-102756000.0,-1.39,-1.39,-1.39,1753959000.0,,1753959000.0,13612016517.0,24.0,11.973,-65792000.0,-1.166,1.0,303605000.0,0.259,14029000.0,1272000.0,6165544000.0,,1340566000.0,110000000.0,110000000.0,0.0,3776592000.0,1096179000.0,2680413000.0,12065994517.0,651215000.0,0.0,-75733000.0,798201000.0,0.0,722468000.0,-46860000.0,-5386000.0,-24318000.0,-75000.0,-78509000.0,-78509000.0,-78509000.0,0.0,0.0,-0.067,405089000.0,-101484000.0,466043000.0,0.0,6.879,27.724,28.457,2731831000.0,0.0,214.28,1.767,1.771,88691000.0,976990000.0,1173210000.0,1173210000.0,0.0,,,,,6182000.0,380912000.0,1.0,56309476.0,56419000,56419000.0,20.795,5516522000.0,48982000.0,-24247000.0,95276000.0,97.778,1632641000.0
6,ULTA,MRQ,2019-12-31,2020-02-01,2020-02-01,2021-08-25,0.0,4863872000.0,,2055317000.0,2808555000.0,,33.375,-57398000.0,392325000.0,392325000.0,1499033000.0,222719000.0,1.807,1.557,1938347000.0,239629000.0,1698718000.0,1938347000.0,237535000.0,135992000.0,0.0,0.0,0.0,287756000.0,423748000.0,0.184,423748000.0,287756000.0,288195000.0,3.9,3.88,3.9,1902094000.0,,1902094000.0,17034685135.0,19.0,11.545,486389000.0,8.534,1.0,806885000.0,0.35,14261000.0,-439000.0,5258372000.0,,1293701000.0,110000000.0,110000000.0,0.0,2961778000.0,1137261000.0,1824517000.0,15314095135.0,183482000.0,0.0,-173718000.0,0.0,0.0,-173718000.0,-186587000.0,-129189000.0,543787000.0,0.0,222719000.0,222719000.0,222719000.0,0.0,0.0,0.097,519129000.0,287756000.0,414009000.0,0.0,8.051,21.693,21.942,2743089000.0,0.0,267.91,2.07,2.095,139337000.0,1128477000.0,2305918000.0,2305918000.0,0.0,,,,,5937000.0,515542000.0,1.0,57161342.0,56991000,57232000.0,40.461,4849611000.0,16387000.0,65476000.0,89367000.0,85.094,918056000.0
7,ULTA,MRQ,2019-09-30,2019-11-02,2019-11-02,2021-08-25,0.0,4928848000.0,,2097468000.0,2831380000.0,,32.087,-89923000.0,208843000.0,208843000.0,1059081000.0,129747000.0,1.669,1.668,1929433000.0,222627000.0,1706806000.0,1929433000.0,190188000.0,141342000.0,0.0,0.0,0.0,167780000.0,309122000.0,0.184,309122000.0,167780000.0,168680000.0,2.25,2.25,2.25,1847156000.0,,1847156000.0,15432884734.0,17.0,11.016,20247000.0,0.352,1.0,623433000.0,0.371,14492000.0,-900000.0,5378026000.0,,1616920000.0,0.0,0.0,0.0,3081692000.0,1256920000.0,1824772000.0,13718278734.0,31445000.0,0.0,-128384000.0,0.0,0.0,-128384000.0,49659000.0,139582000.0,110170000.0,0.0,129747000.0,129747000.0,129747000.0,0.0,0.0,0.077,455653000.0,167780000.0,594993000.0,0.0,7.427,19.657,19.556,2762936000.0,0.0,233.11,1.901,1.859,112888000.0,1079862000.0,1682514000.0,1682514000.0,0.0,,,,,6342000.0,449198000.0,1.0,58848950.0,57568000,57763000.0,29.227,4914356000.0,40474000.0,38933000.0,83856000.0,85.366,840548000.0
8,ULTA,MRQ,2019-06-30,2019-08-03,2019-08-03,2021-08-25,0.0,4710375000.0,,1920600000.0,2789775000.0,,31.621,-79377000.0,177398000.0,177398000.0,1060708000.0,161258000.0,1.803,1.561,1892004000.0,208261000.0,1683743000.0,1892004000.0,182354000.0,150044000.0,0.0,0.0,0.0,208018000.0,358062000.0,0.215,358062000.0,208018000.0,209689000.0,2.77,2.76,2.77,1839451000.0,,1839451000.0,21240430546.0,24.0,15.943,96281000.0,1.655,1.0,605899000.0,0.364,14724000.0,-1671000.0,5345323000.0,,1315999000.0,150000000.0,150000000.0,0.0,2870924000.0,1064934000.0,1805990000.0,19701428546.0,-149433000.0,0.0,-270111000.0,0.0,0.0,-270111000.0,-54980000.0,24397000.0,175658000.0,0.0,161258000.0,161258000.0,161258000.0,0.0,0.0,0.097,397881000.0,208018000.0,450117000.0,0.0,10.71,28.172,28.393,2719504000.0,0.0,337.02,2.777,2.763,107263000.0,1078678000.0,1666607000.0,1666607000.0,0.0,,,,,6736000.0,392843000.0,1.0,58457743.0,58171000,58446000.0,28.65,4695651000.0,38769000.0,48431000.0,86598000.0,80.722,855666000.0
9,ULTA,MRQ,2019-03-31,2019-05-04,2019-05-04,2021-08-25,0.0,4766353000.0,,2019332000.0,2747021000.0,,33.115,-71836000.0,326831000.0,326831000.0,1098182000.0,192221000.0,1.931,1.455,1865833000.0,211432000.0,1654401000.0,1865833000.0,182993000.0,147041000.0,0.0,0.0,0.0,237540000.0,384581000.0,0.221,384581000.0,237540000.0,239586000.0,3.28,3.26,3.28,1941568000.0,,1941568000.0,19699277298.0,22.0,15.91,199842000.0,3.408,1.0,644847000.0,0.37,14955000.0,-2046000.0,5244795000.0,,1250037000.0,195000000.0,195000000.0,0.0,2824785000.0,1045605000.0,1779180000.0,20108528298.0,-82420000.0,0.0,-74526000.0,0.0,0.0,-74526000.0,-279572000.0,-207736000.0,271678000.0,0.0,192221000.0,192221000.0,192221000.0,0.0,0.0,0.11,407307000.0,237540000.0,407345000.0,0.0,10.357,29.296,29.556,2685051000.0,0.0,341.96,2.908,2.899,110046000.0,1188313000.0,1743029000.0,1743029000.0,0.0,,,,,6030000.0,403133000.0,1.0,58803744.0,58631000,58993000.0,29.729,4751398000.0,245000.0,47365000.0,107063000.0,81.039,973727000.0
10,ULTA,MRQ,2018-12-31,2019-02-02,2019-02-02,2021-08-25,0.0,3191172000.0,,1914861000.0,1276311000.0,,30.825,-62985000.0,409251000.0,409251000.0,1383857000.0,214674000.0,2.325,0.753,0.0,0.0,0.0,0.0,199054000.0,71820000.0,0.0,0.0,0.0,277424000.0,349244000.0,0.164,349244000.0,277424000.0,282485000.0,3.62,3.59,3.62,1820218000.0,,1820218000.0,16984242567.0,20.0,14.983,350928000.0,5.943,1.0,740859000.0,0.349,15187000.0,-5061000.0,1942998000.0,,1214329000.0,0.0,0.0,0.0,1370954000.0,823736000.0,547218000.0,17281186567.0,112307000.0,0.0,-236520000.0,0.0,0.0,-236520000.0,-65086000.0,-2101000.0,413913000.0,0.0,214674000.0,214674000.0,214674000.0,0.0,0.0,0.101,459649000.0,281210000.0,404016000.0,0.0,9.494,26.241,26.487,1226029000.0,0.0,291.36,2.573,2.597,136168000.0,1105863000.0,2124716000.0,2124716000.0,0.0,,,,,6328000.0,457245000.0,1.0,59312145.0,59051000,59428000.0,35.981,3175985000.0,16997000.0,67811000.0,83864000.0,53.784,1091125000.0
11,ULTA,MRQ,2018-09-30,2018-11-03,2018-11-03,2021-08-25,0.0,3332691000.0,,2025973000.0,1306718000.0,,30.737,-114724000.0,296944000.0,296944000.0,987733000.0,131166000.0,2.059,0.815,0.0,0.0,0.0,0.0,154447000.0,69837000.0,0.0,0.0,0.0,170531000.0,240368000.0,0.154,240368000.0,170531000.0,170531000.0,2.2,2.18,2.2,1835736000.0,,1835736000.0,16615156998.0,20.0,15.049,39487000.0,0.661,1.0,572278000.0,0.367,16069000.0,0.0,2035595000.0,,1484565000.0,0.0,0.0,0.0,1496955000.0,984083000.0,512872000.0,16852263998.0,59837000.0,-13606000.0,-115044000.0,0.0,0.0,-115044000.0,20670000.0,149000000.0,154211000.0,0.0,131166000.0,131166000.0,131166000.0,0.0,0.0,0.084,403065000.0,169213000.0,574480000.0,0.0,9.18,25.845,26.155,1257775000.0,0.0,281.95,2.581,2.579,102353000.0,1127951000.0,1560011000.0,1560011000.0,0.0,,,,,7136000.0,395453000.0,1.0,59770399.0,59724000,60062000.0,26.12,3316622000.0,22294000.0,39365000.0,50045000.0,55.532,1041890000.0
12,ULTA,MRQ,2018-06-30,2018-08-04,2018-08-04,2021-08-25,0.0,3073349000.0,,1830158000.0,1243191000.0,,30.173,-67432000.0,237107000.0,237107000.0,952760000.0,148323000.0,2.412,0.696,0.0,0.0,0.0,0.0,145907000.0,69026000.0,0.0,0.0,0.0,194958000.0,263984000.0,0.177,263984000.0,194958000.0,194958000.0,2.47,2.46,2.47,1812478000.0,,1812478000.0,13911607729.0,17.0,12.777,43308000.0,0.721,1.0,535461000.0,0.36,0.0,0.0,2077487000.0,,1219685000.0,149000000.0,149000000.0,0.0,1260871000.0,758755000.0,502116000.0,14143493729.0,5221000.0,0.0,-126280000.0,0.0,0.0,-126280000.0,20761000.0,88193000.0,110740000.0,0.0,148323000.0,148323000.0,148323000.0,0.0,0.0,0.1,341646000.0,193815000.0,409849000.0,0.0,7.803,22.61,22.84,1212978000.0,0.0,235.02,2.241,2.237,103666000.0,1115751000.0,1488221000.0,1488221000.0,0.0,,,,,7002000.0,337142000.0,1.0,60179958.0,60070000,60375000.0,24.775,3073349000.0,17082000.0,46635000.0,49700000.0,51.163,1071403000.0
13,ULTA,MRQ,2018-03-31,2018-05-05,2018-05-05,2021-08-25,0.0,3022249000.0,,1802699000.0,1219550000.0,,29.425,-74259000.0,231886000.0,231886000.0,982954000.0,164396000.0,2.419,0.695,0.0,0.0,0.0,0.0,140764000.0,68789000.0,0.0,0.0,0.0,211167000.0,279956000.0,0.181,279956000.0,211167000.0,211167000.0,2.71,2.7,2.71,1783433000.0,,1783433000.0,15102074889.0,19.0,14.136,203004000.0,3.349,1.0,560713000.0,0.363,0.0,0.0,2045271000.0,,1136816000.0,237193000.0,237193000.0,0.0,1238816000.0,745092000.0,493724000.0,15379519889.0,-45559000.0,0.0,-131370000.0,0.0,0.0,-131370000.0,-191452000.0,-117193000.0,277263000.0,0.0,164396000.0,164396000.0,164396000.0,0.0,0.0,0.106,350871000.0,209842000.0,372664000.0,0.0,8.624,26.005,26.267,1190969000.0,0.0,253.74,2.516,2.516,100274000.0,1094824000.0,1543667000.0,1543667000.0,0.0,,,,,6170000.0,345624000.0,1.0,60611334.0,60610000,60909000.0,25.469,3022249000.0,0.0,46771000.0,102566000.0,49.864,1057607000.0
14,ULTA,MRQ,2017-12-31,2018-02-03,2018-02-03,2021-08-25,0.0,2908687000.0,,1693743000.0,1214944000.0,,29.138,-103075000.0,277445000.0,277445000.0,1279245000.0,208173000.0,2.638,0.639,0.0,0.0,0.0,0.0,113136000.0,65003000.0,0.0,0.0,0.0,254778000.0,319781000.0,0.165,319781000.0,254778000.0,254778000.0,3.4,3.38,3.4,1774217000.0,,1774217000.0,13339212394.0,17.0,12.831,347198000.0,5.702,1.0,658347000.0,0.34,0.0,0.0,1989076000.0,,1096424000.0,120000000.0,120000000.0,0.0,1134470000.0,642166000.0,492304000.0,13385999394.0,230658000.0,0.0,-56508000.0,-32000.0,0.0,-56540000.0,-163075000.0,-60000000.0,450273000.0,0.0,208173000.0,208173000.0,208173000.0,0.0,0.0,0.107,403928000.0,254419000.0,325758000.0,0.0,7.545,24.109,24.331,1189453000.0,0.0,219.47,2.275,2.296,99719000.0,1093453000.0,1937592000.0,1937592000.0,0.0,,,,,6501000.0,399631000.0,1.0,60992388.0,60890000,61306000.0,31.821,2908687000.0,1489000.0,46605000.0,73504000.0,47.77,1051577000.0
15,ULTA,MRQ,2017-09-30,2017-10-28,2017-10-28,2021-08-25,0.0,2834873000.0,,1646288000.0,1188585000.0,,26.363,-144429000.0,46787000.0,46787000.0,849053000.0,104645000.0,2.303,0.754,0.0,0.0,0.0,0.0,0.0,62128000.0,0.0,0.0,0.0,162983000.0,225111000.0,0.168,225111000.0,162983000.0,162983000.0,1.71,1.7,1.71,1616051000.0,,1616051000.0,12127531844.0,16.0,12.086,-35329000.0,-0.576,1.0,493128000.0,0.367,0.0,0.0,2073374000.0,,1349714000.0,60000000.0,60000000.0,0.0,1218822000.0,714712000.0,504110000.0,12220391844.0,-46073000.0,0.0,-130193000.0,-551000.0,0.0,-130744000.0,-24429000.0,120000000.0,109100000.0,0.0,104645000.0,104645000.0,104645000.0,0.0,0.0,0.078,330461000.0,162667000.0,447293000.0,0.0,7.562,25.079,25.309,1172682000.0,0.0,198.93,2.211,2.206,82934000.0,943091000.0,1342181000.0,1342181000.0,0.0,,,,,6249000.0,320729000.0,1.0,61430613.0,61299000,61630000.0,21.896,2834873000.0,5450000.0,58338000.0,79631000.0,46.247,931576000.0
16,ULTA,MRQ,2017-06-30,2017-07-29,2017-07-29,2021-08-25,0.0,2702217000.0,,1592494000.0,1109723000.0,,26.404,-116456000.0,92860000.0,92860000.0,820528000.0,114193000.0,2.792,0.652,0.0,0.0,0.0,0.0,0.0,63106000.0,0.0,0.0,0.0,180355000.0,243461000.0,0.189,243461000.0,180355000.0,180355000.0,1.84,1.83,1.84,1635350000.0,,1635350000.0,15099554997.0,21.0,15.54,-72207000.0,-1.166,1.0,469326000.0,0.364,0.0,0.0,2039080000.0,,1144702000.0,180000000.0,180000000.0,0.0,1066867000.0,570277000.0,496590000.0,15421279997.0,-228865000.0,0.0,-126658000.0,0.0,0.0,-126658000.0,-146456000.0,-30000000.0,44249000.0,0.0,114193000.0,114193000.0,114193000.0,0.0,0.0,0.089,289526000.0,179800000.0,313483000.0,0.0,9.43,32.798,32.927,1095135000.0,0.0,248.6,2.901,2.896,67593000.0,970122000.0,1289854000.0,1289854000.0,0.0,,,,,6158000.0,283427000.0,1.0,62032502.0,61935000,62379000.0,20.826,2702217000.0,9124000.0,66162000.0,85181000.0,43.63,1022217000.0
17,ULTA,MRQ,2017-03-31,2017-04-29,2017-04-29,2021-08-25,0.0,2707601000.0,,1672972000.0,1034629000.0,,26.435,-76754000.0,321725000.0,321725000.0,838871000.0,128223000.0,2.863,0.649,0.0,0.0,0.0,0.0,0.0,62476000.0,0.0,0.0,0.0,188743000.0,251219000.0,0.191,251219000.0,188743000.0,188743000.0,2.06,2.05,2.06,1641657000.0,,1641657000.0,17101494662.0,25.0,18.551,98990000.0,1.594,1.0,476008000.0,0.362,0.0,0.0,1801624000.0,,1048431000.0,150000000.0,150000000.0,0.0,1065944000.0,584252000.0,481692000.0,17486504662.0,-63285000.0,0.0,-42275000.0,0.0,0.0,-42275000.0,-196754000.0,-120000000.0,175744000.0,0.0,128223000.0,128223000.0,128223000.0,0.0,0.0,0.098,287603000.0,188405000.0,319352000.0,0.0,10.652,39.207,39.362,1020853000.0,0.0,281.44,3.431,3.43,62936000.0,982413000.0,1314879000.0,1314879000.0,0.0,,,,,5491000.0,283445000.0,1.0,62132265.0,62101000,62594000.0,21.173,2707601000.0,0.0,60520000.0,141287000.0,43.6,1088720000.0
18,ULTA,MRQ,2016-12-31,2017-01-28,2017-01-28,2021-08-25,0.0,2551878000.0,,1536237000.0,1015641000.0,,24.923,-92244000.0,385010000.0,385010000.0,1035666000.0,140218000.0,2.902,0.646,0.0,0.0,0.0,0.0,0.0,59281000.0,0.0,0.0,0.0,224346000.0,283627000.0,0.179,283627000.0,224346000.0,224346000.0,2.25,2.24,2.25,1550218000.0,,1550218000.0,16759359975.0,26.0,19.352,219123000.0,3.523,1.0,544908000.0,0.345,0.0,0.0,1637525000.0,,943975000.0,30000000.0,30000000.0,0.0,1001660000.0,529343000.0,472317000.0,16892467975.0,251902000.0,0.0,-47273000.0,0.0,0.0,-47221000.0,-12244000.0,80000000.0,311367000.0,0.0,140218000.0,140218000.0,140218000.0,0.0,0.0,0.089,320678000.0,224230000.0,259518000.0,0.0,10.897,41.225,41.441,1004358000.0,0.0,271.44,3.48,3.496,88631000.0,905785000.0,1580574000.0,1580574000.0,0.0,,,,,5085000.0,316266000.0,1.0,62232788.0,62201000,62608000.0,25.411,2551878000.0,0.0,84128000.0,95469000.0,41.026,1006894000.0
19,ULTA,MRQ,2016-09-30,2016-10-29,2016-10-29,2021-08-25,0.0,2551201000.0,,1538465000.0,1012736000.0,,23.281,-131608000.0,133108000.0,133108000.0,704179000.0,87562000.0,2.35,0.757,0.0,0.0,0.0,0.0,0.0,53462000.0,0.0,0.0,0.0,139872000.0,193334000.0,0.171,193334000.0,139872000.0,139872000.0,1.4,1.4,1.4,1452084000.0,,1452084000.0,14918732303.0,25.0,18.692,-28220000.0,-0.452,1.0,427053000.0,0.378,0.0,0.0,1763453000.0,,1137023000.0,110000000.0,110000000.0,0.0,1099117000.0,654640000.0,444477000.0,15112816303.0,-60976000.0,0.0,-37072000.0,0.0,0.0,-32756000.0,-131608000.0,0.0,103388000.0,0.0,87562000.0,87562000.0,87562000.0,0.0,0.0,0.077,287392000.0,139661000.0,425071000.0,0.0,10.408,40.048,40.452,1001938000.0,0.0,242.31,3.327,3.327,65708000.0,812846000.0,1131232000.0,1131232000.0,0.0,,,,,1025000.0,280464000.0,1.0,62369759.0,62371000,62692000.0,18.137,2551201000.0,7015000.0,52310000.0,62669000.0,40.904,883825000.0
20,ULTA,MRQ,2016-06-30,2016-07-30,2016-07-30,2021-08-25,0.0,2305788000.0,,1376082000.0,929706000.0,,22.28,-95274000.0,194084000.0,194084000.0,684377000.0,90004000.0,2.796,0.657,0.0,0.0,0.0,0.0,0.0,49665000.0,0.0,0.0,0.0,144017000.0,193682000.0,0.181,193682000.0,144017000.0,144017000.0,1.44,1.43,1.44,1391937000.0,,1391937000.0,16074519119.0,28.0,21.202,-42575000.0,-0.681,1.0,384838000.0,0.36,0.0,0.0,1619459000.0,,930205000.0,110000000.0,110000000.0,0.0,913851000.0,492245000.0,421606000.0,16313773119.0,-45170000.0,0.0,-24077000.0,0.0,0.0,-22595000.0,-75274000.0,20000000.0,52699000.0,0.0,90004000.0,90004000.0,90004000.0,0.0,0.0,0.084,241069000.0,143769000.0,285238000.0,0.0,11.72,45.206,45.826,919597000.0,0.0,261.21,3.775,3.776,55998000.0,769827000.0,1069215000.0,1069215000.0,0.0,,,,,3358000.0,236380000.0,1.0,62454627.0,62475000,62813000.0,17.114,2305788000.0,3075000.0,54013000.0,59566000.0,36.907,883837000.0
21,ULTA,MRQ,2016-03-31,2016-04-30,2016-04-30,2021-08-25,0.0,2218950000.0,,1338417000.0,880533000.0,,20.937,-54321000.0,239254000.0,239254000.0,683286000.0,91976000.0,2.7,0.681,0.0,0.0,0.0,0.0,0.0,47887000.0,0.0,0.0,0.0,147479000.0,195366000.0,0.182,195366000.0,147479000.0,147479000.0,1.46,1.45,1.46,1319688000.0,,1319688000.0,12696279946.0,23.0,17.585,112610000.0,1.787,1.0,390430000.0,0.364,0.0,0.0,1483962000.0,,843490000.0,130000000.0,130000000.0,0.0,899262000.0,495734000.0,403528000.0,13042119946.0,-106586000.0,0.0,-222399000.0,0.0,0.0,-219196000.0,-54321000.0,0.0,166931000.0,0.0,91976000.0,91976000.0,91976000.0,0.0,0.0,0.086,243266000.0,147164000.0,266278000.0,0.0,9.883,37.799,38.428,870835000.0,0.0,208.28,3.158,3.179,54112000.0,737535000.0,1073716000.0,1073716000.0,0.0,,,,,819000.0,240724000.0,1.0,62618206.0,63031000,63335000.0,17.035,2218950000.0,0.0,55503000.0,110133000.0,35.204,842683000.0
22,ULTA,MRQ,2015-12-31,2016-01-30,2016-01-30,2021-08-25,0.0,2230918000.0,,1375173000.0,855745000.0,,22.67,-67258000.0,345840000.0,345840000.0,829259000.0,107823000.0,3.471,0.546,0.0,0.0,0.0,0.0,0.0,45998000.0,0.0,0.0,0.0,169759000.0,215757000.0,0.17,215757000.0,169759000.0,169759000.0,1.69,1.68,1.69,1442886000.0,,1442886000.0,11330866305.0,22.0,16.849,159643000.0,2.508,1.0,439036000.0,0.346,0.0,0.0,1488851000.0,,761793000.0,130000000.0,130000000.0,0.0,788032000.0,396227000.0,391805000.0,11540418305.0,136288000.0,0.0,-44453000.0,0.0,0.0,-43564000.0,-47049000.0,20209000.0,226901000.0,0.0,107823000.0,107823000.0,107823000.0,0.0,0.0,0.085,269550000.0,169486000.0,196174000.0,0.0,7.998,36.063,36.234,847600000.0,0.0,181.17,2.941,2.952,64992000.0,832215000.0,1268295000.0,1268295000.0,0.0,,,,,3579000.0,268169000.0,1.0,63699389.0,63646000,63951000.0,19.927,2230918000.0,0.0,61936000.0,72229000.0,35.052,978946000.0
23,ULTA,MRQ,2015-09-30,2015-10-31,2015-10-31,2021-08-25,0.0,2239998000.0,,1388190000.0,851808000.0,,21.511,-94691000.0,209552000.0,209552000.0,575062000.0,71070000.0,3.031,0.63,0.0,0.0,0.0,0.0,0.0,42313000.0,0.0,0.0,0.0,111052000.0,153365000.0,0.168,153365000.0,111052000.0,111052000.0,1.11,1.11,1.11,1374159000.0,,1374159000.0,10797635315.0,23.0,17.135,-71414000.0,-1.118,1.0,335638000.0,0.369,0.0,0.0,1572470000.0,,884407000.0,150209000.0,150209000.0,0.0,865839000.0,457976000.0,407863000.0,11122849315.0,-115662000.0,0.0,-45599000.0,0.0,0.0,-44248000.0,-94691000.0,0.0,23277000.0,0.0,71070000.0,71070000.0,71070000.0,0.0,0.0,0.078,224869000.0,110769000.0,291269000.0,0.0,8.094,37.144,37.251,844238000.0,0.0,173.96,3.003,3.001,50939000.0,770514000.0,910700000.0,910700000.0,0.0,,,,,2197000.0,218763000.0,1.0,63939120.0,63882000,64196000.0,14.256,2239998000.0,22616000.0,39982000.0,72646000.0,35.065,930214000.0
24,ULTA,MRQ,2015-06-30,2015-08-01,2015-08-01,2021-08-25,0.0,2115910000.0,,1316085000.0,799825000.0,,20.968,-80596000.0,325214000.0,325214000.0,570524000.0,74169000.0,3.555,0.575,0.0,0.0,0.0,0.0,0.0,38771000.0,0.0,0.0,0.0,118736000.0,157507000.0,0.18,157507000.0,118736000.0,118736000.0,1.16,1.15,1.16,1343789000.0,,1343789000.0,10278554490.0,22.0,16.995,-23192000.0,-0.362,1.0,306475000.0,0.349,0.0,0.0,1420482000.0,,705660000.0,150209000.0,150209000.0,0.0,772121000.0,370214000.0,401907000.0,10664561490.0,-60793000.0,0.0,-40855000.0,0.0,0.0,-37601000.0,-80596000.0,0.0,57404000.0,0.0,74169000.0,74169000.0,74169000.0,0.0,0.0,0.085,188015000.0,118460000.0,215720000.0,0.0,7.936,37.094,37.06,791904000.0,0.0,166.03,3.014,3.007,45277000.0,746959000.0,876999000.0,876999000.0,0.0,,,,,982000.0,183937000.0,1.0,64232738.0,64087000,64410000.0,13.685,2115910000.0,22649000.0,44567000.0,75167000.0,33.016,945871000.0
25,ULTA,MRQ,2015-03-31,2015-05-02,2015-05-02,2021-08-25,0.0,2077951000.0,,1325201000.0,752750000.0,,20.302,-56622000.0,386007000.0,386007000.0,564938000.0,66946000.0,3.454,0.595,0.0,0.0,0.0,0.0,0.0,37967000.0,0.0,0.0,0.0,107893000.0,145860000.0,0.168,145860000.0,107893000.0,107893000.0,1.04,1.04,1.04,1302985000.0,,1302985000.0,9519661849.0,22.0,16.488,11670000.0,0.182,1.0,303184000.0,0.349,0.0,0.0,1308280000.0,,662936000.0,150209000.0,150209000.0,0.0,774966000.0,383664000.0,391302000.0,9908810849.0,-3142000.0,0.0,-18815000.0,0.0,0.0,-14812000.0,-56622000.0,0.0,68292000.0,0.0,66946000.0,66946000.0,66946000.0,0.0,0.0,0.077,195602000.0,107582000.0,209509000.0,0.0,7.605,36.147,36.214,744665000.0,0.0,154.27,2.918,2.916,43558000.0,718585000.0,868122000.0,868122000.0,0.0,,,,,-661000.0,192485000.0,1.0,64230316.0,64180000,64555000.0,13.526,2077951000.0,20766000.0,40947000.0,110006000.0,32.377,941537000.0
26,ULTA,MRQ,2014-12-31,2015-01-31,2015-01-31,2021-08-25,0.0,1983170000.0,,1260355000.0,722815000.0,,19.402,-76569000.0,389149000.0,389149000.0,697904000.0,87264000.0,3.505,0.59,0.0,0.0,0.0,0.0,0.0,35709000.0,0.0,0.0,0.0,137698000.0,173407000.0,0.166,173407000.0,137698000.0,137698000.0,1.36,1.35,1.36,1247509000.0,,1247509000.0,8197344521.0,20.0,15.094,173873000.0,2.704,1.0,349737000.0,0.334,0.0,0.0,1234427000.0,,581229000.0,150209000.0,150209000.0,0.0,735661000.0,359594000.0,376067000.0,8492404521.0,94089000.0,0.0,-29514000.0,0.0,0.0,-29575000.0,-126778000.0,-50209000.0,250442000.0,0.0,87264000.0,87264000.0,87264000.0,0.0,0.0,0.083,212270000.0,137467000.0,190778000.0,0.0,6.807,33.027,32.985,717159000.0,0.0,131.94,2.62,2.619,52440000.0,679593000.0,1047641000.0,1047641000.0,0.0,,,,,3548000.0,210702000.0,1.0,64365655.0,64299000,64639000.0,16.293,1983170000.0,20780000.0,50434000.0,93902000.0,30.843,900761000.0
27,ULTA,MRQ,2014-09-30,2014-11-01,2014-11-01,2021-08-25,0.0,1922759000.0,,1230742000.0,692017000.0,,18.416,-78401000.0,295060000.0,295060000.0,463967000.0,59124000.0,3.329,0.621,0.0,0.0,0.0,0.0,0.0,33683000.0,0.0,0.0,0.0,94342000.0,128025000.0,0.172,128025000.0,94342000.0,94342000.0,0.92,0.91,0.92,1186333000.0,,1186333000.0,7414301275.0,19.0,14.465,-65479000.0,-1.016,1.0,281755000.0,0.378,0.0,0.0,1257988000.0,,709667000.0,100000000.0,100000000.0,0.0,736426000.0,369711000.0,366715000.0,7777359275.0,-67998000.0,0.0,-4532000.0,0.0,0.0,-2665000.0,-78255000.0,146000.0,12922000.0,0.0,59124000.0,59124000.0,59124000.0,0.0,0.0,0.079,187667000.0,94088000.0,236329000.0,0.0,6.556,32.331,32.302,686898000.0,0.0,120.81,2.54,2.542,49399000.0,622278000.0,745722000.0,745722000.0,0.0,,,,,1966000.0,181093000.0,1.0,64376784.0,64419000,64738000.0,11.576,1922759000.0,15709000.0,35218000.0,70797000.0,29.848,861031000.0
28,ULTA,MRQ,2014-06-30,2014-08-02,2014-08-02,2021-08-25,0.0,1779812000.0,,1127693000.0,652119000.0,,17.499,-54991000.0,363058000.0,363058000.0,474894000.0,60794000.0,3.757,0.581,0.0,0.0,0.0,0.0,0.0,31899000.0,0.0,0.0,0.0,98188000.0,130087000.0,0.177,130087000.0,98188000.0,98188000.0,0.94,0.94,0.94,1126041000.0,,1126041000.0,5529331203.0,15.0,11.418,4544000.0,0.071,1.0,259342000.0,0.353,0.0,0.0,1116613000.0,,541508000.0,100146000.0,100146000.0,0.0,653771000.0,300141000.0,353630000.0,5986040203.0,-93651000.0,0.0,1429000.0,0.0,0.0,1951000.0,-155137000.0,-100146000.0,59535000.0,0.0,60794000.0,60794000.0,60794000.0,0.0,0.0,0.083,161363000.0,97979000.0,163459000.0,0.0,5.316,26.387,26.363,646890000.0,0.0,93.06,2.04,2.04,42110000.0,573125000.0,734236000.0,734236000.0,0.0,,,,,3018000.0,157768000.0,1.0,64324524.0,64349000,64636000.0,11.41,1779812000.0,22012000.0,37394000.0,75732000.0,27.659,827552000.0
29,ULTA,MRQ,2014-03-31,2014-05-03,2014-05-03,2021-08-25,0.0,1699225000.0,,1090490000.0,608735000.0,,16.488,-39106000.0,456709000.0,456709000.0,467817000.0,49953000.0,3.606,0.603,0.0,0.0,0.0,0.0,0.0,30473000.0,0.0,0.0,0.0,81081000.0,111554000.0,0.156,111554000.0,81081000.0,81081000.0,0.78,0.77,0.78,1059756000.0,,1059756000.0,5246225043.0,15.0,11.58,34587000.0,0.538,1.0,245953000.0,0.345,0.0,0.0,940097000.0,,531427000.0,0.0,0.0,0.0,639469000.0,302419000.0,337050000.0,5665701043.0,37233000.0,0.0,1745000.0,0.0,0.0,2646000.0,-39106000.0,0.0,73693000.0,0.0,49953000.0,49953000.0,49953000.0,0.0,0.0,0.07,165072000.0,80881000.0,184148000.0,0.0,5.346,26.855,26.784,603933000.0,0.0,88.12,2.022,2.022,26722000.0,512331000.0,713770000.0,713770000.0,0.0,,,,,3162000.0,162443000.0,1.0,64295291.0,64273000,64607000.0,11.105,1699225000.0,22241000.0,31128000.0,94947000.0,26.438,788071000.0
30,ULTA,MRQ,2013-12-31,2014-02-01,2014-02-01,2021-08-25,0.0,1602727000.0,,1002697000.0,600030000.0,,15.617,-49058000.0,419476000.0,419476000.0,574521000.0,70682000.0,3.758,0.598,0.0,0.0,0.0,0.0,0.0,28711000.0,0.0,0.0,0.0,114207000.0,142918000.0,0.165,142918000.0,114207000.0,114207000.0,1.1,1.1,1.1,1003094000.0,,1003094000.0,5264444033.0,16.0,12.13,178534000.0,2.78,1.0,293561000.0,0.338,0.0,0.0,916440000.0,,457933000.0,0.0,0.0,0.0,599633000.0,266811000.0,332822000.0,5505360033.0,178560000.0,0.0,0.0,0.0,0.0,26000.0,-49058000.0,0.0,227592000.0,0.0,70682000.0,70682000.0,70682000.0,0.0,0.0,0.081,179423000.0,114138000.0,148282000.0,0.0,5.488,27.14,27.038,595736000.0,0.0,85.71,2.061,2.054,47049000.0,462378000.0,868082000.0,868082000.0,0.0,,,,,4041000.0,177636000.0,1.0,64232412.0,64232000,64572000.0,13.515,1602727000.0,22246000.0,43525000.0,82067000.0,24.952,735886000.0
31,ULTA,MRQ,2013-09-30,2013-11-02,2013-11-02,2021-08-25,0.0,1535347000.0,,941302000.0,594045000.0,,14.491,-78937000.0,240916000.0,240916000.0,387120000.0,45430000.0,3.273,0.654,0.0,0.0,0.0,0.0,0.0,26825000.0,0.0,0.0,0.0,72894000.0,99719000.0,0.161,99719000.0,72894000.0,72894000.0,0.71,0.7,0.71,928319000.0,,928319000.0,7936352000.0,25.0,18.976,-63324000.0,-0.988,1.0,231661000.0,0.374,0.0,0.0,1006817000.0,,582303000.0,0.0,0.0,0.0,607028000.0,287614000.0,319414000.0,8222562000.0,-45294000.0,0.0,11377000.0,0.0,0.0,18030000.0,-78937000.0,0.0,15613000.0,0.0,45430000.0,45430000.0,45430000.0,0.0,0.0,0.073,158774000.0,72887000.0,190193000.0,0.0,8.857,41.803,41.628,590132000.0,0.0,128.63,3.21,3.217,46911000.0,391696000.0,618781000.0,618781000.0,0.0,,,,,-2256000.0,151306000.0,1.0,63924139.0,64061000,64538000.0,9.659,1535347000.0,16415000.0,27464000.0,55568000.0,23.967,653688000.0
32,ULTA,MRQ,2013-06-30,2013-08-03,2013-08-03,2021-08-25,0.0,1391992000.0,,846787000.0,545205000.0,,13.48,-56025000.0,286210000.0,286210000.0,388921000.0,44911000.0,3.638,0.618,0.0,0.0,0.0,0.0,0.0,25968000.0,0.0,0.0,0.0,72886000.0,98854000.0,0.164,98854000.0,72886000.0,72886000.0,0.7,0.7,0.7,860462000.0,,860462000.0,6304708652.0,21.0,15.682,-14340000.0,-0.225,1.0,212077000.0,0.353,0.0,0.0,873037000.0,,461156000.0,0.0,0.0,0.0,531530000.0,232745000.0,298785000.0,6597922652.0,-7004000.0,0.0,4538000.0,0.0,0.0,7336000.0,-56025000.0,0.0,41685000.0,0.0,44911000.0,44911000.0,44911000.0,0.0,0.0,0.075,139209000.0,72868000.0,130738000.0,0.0,7.668,34.832,34.721,541557000.0,0.0,103.47,2.695,2.698,30998000.0,346266000.0,600998000.0,600998000.0,0.0,,,,,1693000.0,134400000.0,1.0,63766528.0,63834000,64331000.0,9.415,1391992000.0,16431000.0,27975000.0,55492000.0,21.806,614042000.0
33,ULTA,MRQ,2013-03-31,2013-05-04,2013-05-04,2021-08-25,0.0,1331577000.0,,828615000.0,502962000.0,,12.589,-42004000.0,293214000.0,293214000.0,378763000.0,41826000.0,3.34,0.657,0.0,0.0,0.0,0.0,0.0,24779000.0,0.0,0.0,0.0,67719000.0,92498000.0,0.159,92498000.0,67719000.0,67719000.0,0.66,0.65,0.66,803724000.0,,803724000.0,5421285871.0,19.0,14.182,831000.0,0.013,1.0,203949000.0,0.35,0.0,0.0,790296000.0,,442085000.0,0.0,0.0,0.0,527853000.0,248067000.0,279786000.0,5741760871.0,-27261000.0,0.0,-31993000.0,0.0,0.0,-28092000.0,-42004000.0,0.0,42835000.0,0.0,41826000.0,41826000.0,41826000.0,0.0,0.0,0.072,136254000.0,67695000.0,148488000.0,0.0,7.144,31.986,31.866,499395000.0,0.0,90.18,2.465,2.472,29925000.0,301355000.0,582712000.0,582712000.0,0.0,,,,,-853000.0,133048000.0,1.0,63670003.0,63842000,64495000.0,9.127,1331577000.0,15285000.0,25893000.0,76720000.0,20.857,580548000.0
34,ULTA,MRQ,2012-12-31,2013-02-02,2013-02-02,2021-08-25,0.0,1275249000.0,,789324000.0,485925000.0,,12.305,-44548000.0,320475000.0,320475000.0,499191000.0,64532000.0,3.571,0.621,0.0,0.0,0.0,0.0,0.0,23401000.0,0.0,0.01,0.0,103766000.0,127167000.0,0.168,127167000.0,103766000.0,103745000.0,1.02,1.0,1.02,786942000.0,,786942000.0,6028745141.0,22.0,16.373,116995000.0,1.829,1.0,259644000.0,0.342,0.0,21000.0,733707000.0,,361125000.0,0.0,0.0,0.0,488307000.0,221067000.0,267240000.0,6220469141.0,128751000.0,0.0,5754000.0,0.0,0.0,11756000.0,-44548000.0,0.0,161543000.0,0.0,64532000.0,64532000.0,64532000.0,0.0,0.0,0.085,155878000.0,103766000.0,118886000.0,0.0,7.905,36.05,35.729,483059000.0,0.0,97.54,2.802,2.779,41515000.0,296861000.0,758835000.0,758835000.0,0.0,,,,,-2348000.0,153963000.0,1.0,63773520.0,63952000,64729000.0,11.866,1275249000.0,15757000.0,39213000.0,66415000.0,19.941,568257000.0
35,ULTA,MRQ,2012-09-30,2012-10-27,2012-10-27,2021-08-25,0.0,1233246000.0,,766081000.0,467165000.0,,11.137,-72692000.0,191724000.0,191724000.0,320147000.0,38151000.0,2.78,0.744,0.0,0.0,0.0,0.0,0.0,22218000.0,0.0,0.011,0.0,61307000.0,83525000.0,0.165,83525000.0,61307000.0,61268000.0,0.6,0.59,0.6,707000000.0,,707000000.0,5647330970.0,23.0,16.878,-31466000.0,-0.496,1.0,185493000.0,0.367,0.0,39000.0,765991000.0,,462833000.0,0.0,0.0,0.0,526246000.0,275531000.0,250715000.0,5844731970.0,-5677000.0,0.0,12234000.0,0.0,0.0,25789000.0,-72692000.0,0.0,41226000.0,0.0,38151000.0,38151000.0,38151000.0,0.0,0.0,0.075,124186000.0,61307000.0,185177000.0,0.0,8.267,37.876,37.565,467165000.0,0.0,92.41,2.86,2.87,36649000.0,232329000.0,505640000.0,505640000.0,0.0,,,,,-10180000.0,117934000.0,1.0,63247830.0,63484000,64483000.0,7.965,1233246000.0,24678000.0,23117000.0,48450000.0,19.426,490550000.0
36,ULTA,MRQ,2012-06-30,2012-07-28,2012-07-28,2021-08-25,0.0,1038769000.0,,617706000.0,421063000.0,,10.142,-46539000.0,197401000.0,197401000.0,314058000.0,34998000.0,3.647,0.624,0.0,0.0,0.0,0.0,0.0,21629000.0,0.0,0.011,0.0,57459000.0,79088000.0,0.164,79088000.0,57459000.0,57355000.0,0.55,0.54,0.55,639685000.0,,639685000.0,5233576068.0,23.0,16.64,-22853000.0,-0.362,1.0,167625000.0,0.348,0.0,104000.0,671980000.0,,316734000.0,0.0,0.0,0.0,399084000.0,169388000.0,229696000.0,5499921068.0,-68944000.0,0.0,5153000.0,0.0,-62482000.0,-46091000.0,-46539000.0,0.0,23686000.0,0.0,34998000.0,34998000.0,34998000.0,0.0,0.0,0.073,110166000.0,57459000.0,88881000.0,0.0,8.598,38.48,37.991,421063000.0,0.0,87.38,2.819,2.824,32279000.0,194178000.0,481683000.0,481683000.0,0.0,,,,,-7785000.0,106040000.0,1.0,62942562.0,63070000,64293000.0,7.637,1038769000.0,24947000.0,22357000.0,43210000.0,16.47,448318000.0
37,ULTA,MRQ,2012-03-31,2012-04-28,2012-04-28,2021-08-25,0.0,1058001000.0,,673097000.0,384904000.0,,9.359,-24799000.0,266345000.0,266345000.0,303186000.0,34868000.0,2.614,0.809,0.0,0.0,0.0,0.0,0.0,20985000.0,0.0,0.011,1.0,57446000.0,78431000.0,0.165,78431000.0,57446000.0,57425000.0,0.56,0.54,0.56,584905000.0,,584905000.0,5345221671.0,25.0,18.182,-12253000.0,-0.196,1.0,170912000.0,0.36,0.0,21000.0,534208000.0,,332065000.0,0.0,0.0,0.0,473096000.0,257448000.0,215648000.0,5598959671.0,12607000.0,0.0,8310000.0,0.0,0.0,24860000.0,-24799000.0,0.0,12546000.0,0.0,34868000.0,34868000.0,34868000.0,0.0,0.0,0.074,113466000.0,57446000.0,111889000.0,1.786,9.572,42.469,41.879,384904000.0,0.0,89.62,3.003,3.004,22328000.0,159242000.0,474098000.0,474098000.0,0.0,,,,,-13657000.0,110943000.0,1.0,62474444.0,62496000,64072000.0,7.586,1058001000.0,12257000.0,22557000.0,49439000.0,16.929,415649000.0
38,ULTA,MRQ,2011-12-31,2012-01-28,2012-01-28,2021-08-25,0.0,957217000.0,,580232000.0,376985000.0,,9.445,-30941000.0,253738000.0,253738000.0,384046000.0,46295000.0,3.52,0.637,0.0,0.0,0.0,0.0,0.0,20306000.0,0.0,0.0,0.0,73247000.0,93553000.0,0.161,93553000.0,73247000.0,73156000.0,0.75,0.73,0.75,584704000.0,,584704000.0,4654105982.0,24.0,17.103,112486000.0,1.817,1.0,198465000.0,0.341,0.0,91000.0,538624000.0,,244647000.0,0.0,0.0,0.0,372513000.0,164855000.0,207658000.0,4784762982.0,123081000.0,0.0,2823000.0,0.0,0.0,10595000.0,-30941000.0,0.0,143427000.0,0.0,46295000.0,46295000.0,46295000.0,0.0,0.0,0.079,125218000.0,73247000.0,86442000.0,0.0,8.183,39.785,39.444,376985000.0,0.0,77.31,2.694,2.666,26153000.0,186794000.0,582511000.0,582511000.0,0.0,,,,,-4390000.0,124235000.0,1.0,61890609.0,61904000,63817000.0,9.41,957217000.0,12264000.0,26861000.0,48197000.0,15.463,415377000.0
39,ULTA,MRQ,2011-09-30,2011-10-29,2011-10-29,2021-08-25,0.0,930072000.0,,556278000.0,373794000.0,,8.534,-45016000.0,130657000.0,130657000.0,263884000.0,26768000.0,2.585,0.773,0.0,0.0,0.0,0.0,0.0,19225000.0,0.0,0.0,0.0,44228000.0,63453000.0,0.154,63453000.0,44228000.0,44052000.0,0.44,0.42,0.44,524432000.0,,524432000.0,4000284765.0,23.0,16.34,-28493000.0,-0.464,1.0,149183000.0,0.361,0.0,176000.0,584256000.0,,354891000.0,0.0,0.0,0.0,405640000.0,215159000.0,190481000.0,4142829765.0,-11888000.0,0.0,8527000.0,0.0,0.0,16605000.0,-45016000.0,0.0,16523000.0,0.0,26768000.0,26768000.0,26768000.0,0.0,0.0,0.065,104955000.0,44228000.0,134043000.0,0.0,7.9,39.807,39.491,373794000.0,0.0,67.53,2.485,2.489,21080000.0,140499000.0,413067000.0,413067000.0,0.0,,,,,-5051000.0,100997000.0,1.0,61347990.0,61451000,63419000.0,6.722,930072000.0,9427000.0,17284000.0,29458000.0,15.135,341119000.0
40,ULTA,MRQ,2011-06-30,2011-07-30,2011-07-30,2021-08-25,0.0,815848000.0,,464272000.0,351576000.0,,7.82,-33139000.0,142545000.0,142545000.0,260280000.0,23905000.0,2.984,0.707,0.0,0.0,0.0,0.0,0.0,18890000.0,0.0,0.0,0.0,39660000.0,58550000.0,0.148,58550000.0,39660000.0,39513000.0,0.39,0.38,0.39,478032000.0,,478032000.0,3740457592.0,25.0,16.867,23361000.0,0.382,1.0,134287000.0,0.34,0.0,147000.0,517695000.0,,258752000.0,0.0,0.0,0.0,337816000.0,155608000.0,182208000.0,3857268592.0,25734000.0,0.0,1060000.0,0.0,0.0,2373000.0,-33139000.0,0.0,56500000.0,0.0,23905000.0,23905000.0,23905000.0,0.0,0.0,0.061,94627000.0,39660000.0,81380000.0,0.0,8.069,42.152,41.742,351576000.0,0.0,63.03,2.421,2.418,19939000.0,113731000.0,394567000.0,394567000.0,0.0,,,,,1075000.0,90811000.0,1.0,61197344.0,61126000,63241000.0,6.455,815848000.0,8922000.0,15608000.0,29532000.0,13.347,308664000.0
41,ULTA,MRQ,2011-03-31,2011-04-30,2011-04-30,2021-08-25,0.0,765807000.0,,433660000.0,332147000.0,,7.421,-19540000.0,116811000.0,116811000.0,251101000.0,23296000.0,2.93,0.704,0.0,0.0,0.0,0.0,0.0,17510000.0,0.0,0.0,0.0,39060000.0,56570000.0,0.147,56570000.0,39060000.0,38887000.0,0.38,0.37,0.38,449366000.0,,449366000.0,3115043546.0,23.0,15.487,-15103000.0,-0.249,1.0,134905000.0,0.349,0.0,173000.0,500998000.0,,255547000.0,0.0,0.0,0.0,316441000.0,147998000.0,168443000.0,3226228546.0,5626000.0,0.0,11993000.0,0.0,0.0,20729000.0,-19540000.0,0.0,4437000.0,0.0,23296000.0,23296000.0,23296000.0,0.0,0.0,0.06,95845000.0,39060000.0,81510000.0,0.0,7.18,39.995,39.694,332147000.0,0.0,53.19,2.122,2.118,15634000.0,89826000.0,386006000.0,386006000.0,0.0,,,,,-5928000.0,94615000.0,1.0,60654795.0,60554000,62758000.0,6.375,765807000.0,13155000.0,15591000.0,29084000.0,12.647,285662000.0
42,ULTA,MRQ,2010-12-31,2011-01-29,2011-01-29,2021-08-25,0.0,730488000.0,,404389000.0,326099000.0,,6.738,-22350000.0,111185000.0,111185000.0,316973000.0,30104000.0,2.475,0.815,0.0,0.0,0.0,0.0,0.0,17238000.0,0.0,0.0,0.0,49004000.0,66242000.0,0.14,66242000.0,49004000.0,48825000.0,0.5,0.49,0.5,402533000.0,,402533000.0,2175468872.0,18.0,11.835,83700000.0,1.401,1.0,156686000.0,0.331,0.0,179000.0,455946000.0,,218516000.0,0.0,0.0,0.0,327955000.0,163357000.0,164598000.0,2183819872.0,102834000.0,0.0,10803000.0,0.0,0.0,19134000.0,-22350000.0,0.0,106050000.0,0.0,30104000.0,30104000.0,30104000.0,0.0,0.0,0.064,107682000.0,49004000.0,87093000.0,0.0,5.425,30.745,30.608,326099000.0,0.0,36.73,1.501,1.489,22292000.0,66530000.0,473659000.0,473659000.0,0.0,,,,,-4575000.0,107159000.0,1.0,59456027.0,59739000,62983000.0,7.929,730488000.0,19606000.0,18721000.0,30026000.0,12.228,241032000.0
43,ULTA,MRQ,2010-09-30,2010-10-30,2010-10-30,2021-08-25,0.0,709422000.0,,378032000.0,331390000.0,,5.918,-42181000.0,8351000.0,8351000.0,220273000.0,14203000.0,1.853,1.03,0.0,0.0,0.0,0.0,0.0,16105000.0,0.0,0.0,0.0,24292000.0,40397000.0,0.119,40397000.0,24292000.0,24048000.0,0.24,0.23,0.24,349539000.0,,349539000.0,1794132538.0,17.0,10.727,-11813000.0,-0.2,1.0,118906000.0,0.351,0.0,244000.0,497018000.0,,301559000.0,0.0,0.0,0.0,359883000.0,204053000.0,155830000.0,1810048538.0,-7565000.0,0.0,2863000.0,0.0,0.0,4248000.0,-42181000.0,0.0,30368000.0,0.0,14203000.0,14203000.0,14203000.0,0.0,0.0,0.042,94614000.0,24292000.0,120245000.0,0.0,5.178,29.599,29.51,331390000.0,0.0,30.69,1.314,1.316,20386000.0,36426000.0,339179000.0,339179000.0,0.0,,,,,1792000.0,90309000.0,1.0,58978447.0,59063000,61057000.0,5.743,709422000.0,14370000.0,9845000.0,20952000.0,12.011,173979000.0
44,ULTA,MRQ,2010-06-30,2010-07-31,2010-07-31,2021-08-25,0.0,599325000.0,,297992000.0,301333000.0,,5.584,-24886000.0,15916000.0,15916000.0,217846000.0,13062000.0,2.29,0.828,0.0,0.0,0.0,0.0,0.0,15675000.0,0.0,0.0,0.0,22256000.0,37931000.0,0.118,37931000.0,22256000.0,22042000.0,0.22,0.22,0.22,327911000.0,,327911000.0,1472167314.0,16.0,9.38,5422000.0,0.092,1.0,103958000.0,0.323,0.0,214000.0,453260000.0,,224329000.0,0.0,0.0,0.0,271414000.0,130149000.0,141265000.0,1480837314.0,7246000.0,0.0,1624000.0,0.0,0.0,1824000.0,-24886000.0,0.0,30308000.0,0.0,13062000.0,13062000.0,13062000.0,0.0,0.0,0.041,81702000.0,22256000.0,61316000.0,0.0,4.516,26.726,26.589,301333000.0,0.0,25.26,1.12,1.122,11418000.0,22223000.0,321804000.0,321804000.0,0.0,,,,,2287000.0,79909000.0,1.0,58623805.0,58727000,60672000.0,5.48,599325000.0,15340000.0,8980000.0,20952000.0,10.205,167843000.0
45,ULTA,MRQ,2010-03-31,2010-05-01,2010-05-01,2021-08-25,0.0,567763000.0,,281997000.0,285766000.0,,5.326,-7698000.0,8670000.0,8670000.0,215661000.0,13661000.0,2.307,0.828,0.0,0.0,0.0,0.0,0.0,15918000.0,0.0,0.0,0.0,23332000.0,39250000.0,0.123,39250000.0,23332000.0,23214000.0,0.23,0.23,0.23,310538000.0,,310538000.0,1343726385.0,16.0,9.251,2119000.0,0.036,1.0,104535000.0,0.326,0.0,118000.0,436871000.0,,228082000.0,0.0,0.0,0.0,257225000.0,122222000.0,135003000.0,1347743385.0,4653000.0,0.0,1810000.0,0.0,0.0,2534000.0,-7698000.0,0.0,9817000.0,0.0,13661000.0,13661000.0,13661000.0,0.0,0.0,0.043,81203000.0,23332000.0,60693000.0,0.0,4.34,28.021,27.855,285766000.0,0.0,23.12,1.058,1.058,8051000.0,9161000.0,320196000.0,320196000.0,0.0,,,,,1011000.0,80729000.0,1.0,58293399.0,58306000,60276000.0,5.492,567763000.0,8060000.0,9553000.0,27692000.0,9.738,159775000.0
46,ULTA,MRQ,2009-12-31,2010-01-30,2010-01-30,2021-08-25,0.0,553635000.0,,262774000.0,290861000.0,,5.035,-18715000.0,4017000.0,4017000.0,269722000.0,20226000.0,2.08,0.892,0.0,0.0,0.0,0.0,0.0,15400000.0,0.0,0.0,0.0,34272000.0,49672000.0,0.125,49672000.0,34272000.0,33827000.0,0.35,0.34,0.35,292608000.0,,292608000.0,1162578993.0,17.0,8.921,39180000.0,0.674,1.0,126642000.0,0.32,0.0,445000.0,423261000.0,,206948000.0,0.0,0.0,0.0,261027000.0,126357000.0,134670000.0,1127211993.0,222000.0,0.0,330000.0,-39162000.0,0.0,-38958000.0,-18715000.0,0.0,57895000.0,0.0,20226000.0,20226000.0,20226000.0,0.0,0.0,0.051,92370000.0,34272000.0,56387000.0,0.0,3.852,28.641,28.529,290861000.0,0.0,19.4,0.922,0.919,13477000.0,-4500000.0,396364000.0,396364000.0,0.0,,,,,1861000.0,91755000.0,1.0,58103711.0,58119000,59705000.0,6.82,553635000.0,8060000.0,13601000.0,31733000.0,9.526,136417000.0
47,ULTA,MRQ,2009-09-30,2009-10-31,2009-10-31,2021-08-25,-189000.0,621229000.0,,327483000.0,293746000.0,,4.661,-19634000.0,3795000.0,3795000.0,192372000.0,8460000.0,1.674,1.299,39162000.0,14635000.0,24527000.0,39162000.0,0.0,15406000.0,0.0,0.0,0.0,14691000.0,30097000.0,0.106,30097000.0,14691000.0,14250000.0,0.15,0.14,0.15,270254000.0,,270254000.0,938552682.0,17.0,8.1,25427000.0,0.439,1.0,91671000.0,0.323,0.0,441000.0,460948000.0,,273978000.0,0.0,0.0,0.0,350975000.0,195648000.0,155327000.0,876764682.0,132000.0,0.0,675000.0,-26289000.0,0.0,-25295000.0,-19634000.0,0.0,45061000.0,0.0,8460000.0,8460000.0,8460000.0,0.0,0.0,0.03,76980000.0,14691000.0,117520000.0,0.0,3.244,27.906,27.527,293746000.0,0.0,15.14,0.751,0.752,13340000.0,-24726000.0,284043000.0,284043000.0,0.0,,,,,1247000.0,74797000.0,1.0,57910481.0,57979000,59376000.0,4.899,621229000.0,7984000.0,5790000.0,23298000.0,10.715,131835000.0
48,ULTA,MRQ,2009-06-30,2009-08-01,2009-08-01,2021-08-25,-367000.0,547957000.0,,259420000.0,288537000.0,,4.48,-17436000.0,3663000.0,3663000.0,194825000.0,5750000.0,2.15,1.115,65451000.0,23086000.0,42365000.0,65451000.0,0.0,15995000.0,0.0,0.0,0.0,10236000.0,26231000.0,0.096,26231000.0,10236000.0,9591000.0,0.1,0.1,0.1,259056000.0,,259056000.0,751386055.0,15.0,6.916,34478000.0,0.596,1.0,78714000.0,0.288,0.0,645000.0,489070000.0,,209152000.0,0.0,0.0,0.0,288901000.0,120675000.0,168226000.0,654645055.0,-177000.0,0.0,192000.0,-35130000.0,0.0,-34655000.0,-17436000.0,0.0,51914000.0,0.0,5750000.0,5750000.0,5750000.0,0.0,0.0,0.021,68478000.0,10236000.0,40393000.0,0.0,2.527,23.401,23.122,288537000.0,0.0,11.33,0.575,0.575,13135000.0,-33186000.0,273539000.0,273539000.0,0.0,,,,,1070000.0,66468000.0,1.0,57779793.0,57819000,59045000.0,4.731,547957000.0,8097000.0,3841000.0,21462000.0,9.477,138745000.0
49,ULTA,MRQ,2009-03-31,2009-05-02,2009-05-02,2021-08-25,-524000.0,570943000.0,,284803000.0,286140000.0,,4.352,-12320000.0,3840000.0,3840000.0,189283000.0,4920000.0,2.594,1.272,100581000.0,12534000.0,88047000.0,100581000.0,0.0,15365000.0,0.0,0.0,0.0,8954000.0,24319000.0,0.09,24319000.0,8954000.0,8283000.0,0.09,0.08,0.09,251321000.0,,251321000.0,596701817.0,13.0,5.852,5637000.0,0.098,1.0,79542000.0,0.296,0.0,671000.0,557893000.0,,230286000.0,0.0,0.0,0.0,319622000.0,109791000.0,209831000.0,494292817.0,202000.0,0.0,31000.0,-5466000.0,0.0,-5435000.0,-12320000.0,0.0,17957000.0,0.0,4920000.0,4920000.0,4920000.0,0.0,0.0,0.018,70588000.0,8954000.0,53500000.0,0.0,1.967,19.075,19.022,286140000.0,0.0,8.56,0.444,0.444,12392000.0,-38936000.0,268825000.0,268825000.0,0.0,,,,,1295000.0,69393000.0,1.0,57744488.0,57743000,58750000.0,4.656,570943000.0,14085000.0,3363000.0,17616000.0,9.888,175012000.0
50,ULTA,MRQ,2008-12-31,2009-01-31,2009-01-31,2021-08-25,-631000.0,568932000.0,,276708000.0,292224000.0,,4.244,-14255000.0,3638000.0,3638000.0,236229000.0,12288000.0,2.365,1.322,106047000.0,18000000.0,88047000.0,106047000.0,0.0,13826000.0,0.0,0.0,0.0,21404000.0,35230000.0,0.103,35230000.0,21404000.0,20516000.0,0.21,0.21,0.21,244968000.0,,244968000.0,470554758.0,10.0,4.814,31466000.0,0.545,1.0,105165000.0,0.308,0.0,888000.0,554328000.0,,213602000.0,0.0,0.0,0.0,323964000.0,117013000.0,206951000.0,336222758.0,-10000.0,0.0,189000.0,-31933000.0,0.0,-31476000.0,-14255000.0,0.0,45721000.0,0.0,12288000.0,12288000.0,12288000.0,0.0,0.0,0.036,83761000.0,21404000.0,47811000.0,0.0,1.373,13.306,13.25,292224000.0,0.0,5.83,0.31,0.309,18268000.0,-43856000.0,341394000.0,341394000.0,0.0,,,,,1024000.0,81965000.0,1.0,57671142.0,57716000,58853000.0,5.915,568932000.0,16906000.0,8228000.0,17616000.0,9.857,159695000.0
51,ULTA,MRQ,2008-09-30,2008-11-01,2008-11-01,2021-08-25,-513000.0,623312000.0,,327112000.0,296200000.0,,4.013,-28536000.0,3648000.0,3648000.0,175368000.0,5017000.0,1.59,1.697,137980000.0,51590000.0,86390000.0,137980000.0,0.0,13265000.0,0.0,0.0,0.0,9606000.0,22871000.0,0.09,22871000.0,9606000.0,8482000.0,0.09,0.09,0.09,231108000.0,,231108000.0,622308385.0,13.0,6.392,-20108000.0,-0.349,1.0,79475000.0,0.312,0.0,1124000.0,551956000.0,,268928000.0,0.0,0.0,0.0,392204000.0,205688000.0,186516000.0,507407385.0,393000.0,0.0,213000.0,19824000.0,0.0,20501000.0,-28536000.0,0.0,8428000.0,0.0,5017000.0,5017000.0,5017000.0,0.0,0.0,0.02,69869000.0,9606000.0,97768000.0,0.0,2.196,19.087,10.256,292120000.0,0.0,8.82,0.482,0.483,20488000.0,-56144000.0,254843000.0,254843000.0,0.0,,,,,636000.0,65176000.0,1.0,57529182.0,57591000,59013000.0,4.425,623312000.0,13168000.0,3465000.0,5798000.0,10.823,121424000.0
52,ULTA,MRQ,2008-06-30,2008-08-02,2008-08-02,2021-08-25,-476000.0,533667000.0,,251209000.0,282458000.0,,3.906,-37527000.0,3255000.0,3255000.0,175965000.0,3688000.0,1.938,1.379,118156000.0,31766000.0,86390000.0,118156000.0,0.0,12336000.0,0.0,0.0,0.0,7207000.0,19543000.0,0.078,19543000.0,7207000.0,6191000.0,0.06,0.06,0.06,224351000.0,,224351000.0,643577678.0,14.0,6.998,-15056000.0,-0.262,1.0,73146000.0,0.294,0.0,1016000.0,518933000.0,,197028000.0,0.0,0.0,0.0,309316000.0,129635000.0,179681000.0,543018678.0,-720000.0,0.0,696000.0,13622000.0,0.0,14336000.0,-37527000.0,0.0,22471000.0,0.0,3688000.0,3688000.0,3688000.0,0.0,0.0,0.015,65939000.0,7207000.0,40630000.0,0.0,2.42,24.488,11.386,278378000.0,0.0,9.45,0.54,0.54,19164000.0,-61161000.0,249111000.0,249111000.0,0.0,,,,,935000.0,61889000.0,1.0,57462294.0,57435000,59012000.0,4.337,533667000.0,13143000.0,2503000.0,4374000.0,9.292,121574000.0
53,ULTA,MRQ,2008-03-31,2008-05-03,2008-05-03,2021-08-25,-576000.0,526839000.0,,267636000.0,259203000.0,,3.843,-30545000.0,3975000.0,3975000.0,165377000.0,4275000.0,1.896,1.407,104534000.0,18143000.0,86391000.0,104534000.0,0.0,12018000.0,0.0,0.0,0.0,8084000.0,20102000.0,0.084,20102000.0,8084000.0,7169000.0,0.08,0.07,0.08,218896000.0,,218896000.0,917367709.0,20.0,10.592,-31962000.0,-0.561,1.0,73921000.0,0.309,0.0,915000.0,486257000.0,,212564000.0,0.0,0.0,0.0,307943000.0,141141000.0,166802000.0,846386709.0,186000.0,0.0,1360000.0,29764000.0,0.0,32148000.0,-30545000.0,0.0,-1417000.0,0.0,4275000.0,4275000.0,4275000.0,0.0,0.0,0.018,65837000.0,8084000.0,66508000.0,0.0,3.867,50.335,27.5,255123000.0,0.0,14.85,0.884,0.883,19533000.0,-64849000.0,239298000.0,239298000.0,0.0,,,,,-492000.0,62065000.0,1.0,56995738.0,56956000,58980000.0,4.201,526839000.0,13209000.0,2894000.0,6872000.0,9.25,126495000.0
54,ULTA,MRQ,2007-12-31,2008-02-02,2008-02-02,2021-08-25,-719000.0,469413000.0,,228944000.0,240469000.0,,10.376,-27218000.0,3789000.0,3789000.0,212322000.0,13604000.0,2.046,1.219,74770000.0,0.0,74770000.0,74770000.0,0.0,10906000.0,0.0,0.0,0.0,23940000.0,34846000.0,0.113,34846000.0,23940000.0,22863000.0,0.63,0.43,0.63,211503000.0,,211503000.0,931450162.0,20.0,10.803,22566000.0,1.107,1.0,97022000.0,0.314,0.0,1077000.0,428489000.0,,176109000.0,0.0,0.0,0.0,257910000.0,111905000.0,146005000.0,837962162.0,277000.0,0.0,-92000.0,-22230000.0,0.0,-22289000.0,-27218000.0,0.0,49784000.0,0.0,13604000.0,13604000.0,13604000.0,0.0,0.0,0.044,73082000.0,23940000.0,52122000.0,0.0,3.962,59.363,21.377,236389000.0,0.0,14.75,0.919,0.33,20643000.0,-69124000.0,309344000.0,309344000.0,0.0,,,,,615000.0,70388000.0,1.0,56810994.0,20383000,53293000.0,15.177,469413000.0,13299000.0,9259000.0,5064000.0,23.03,117039000.0
55,ULTA,MRQ,2007-09-30,2007-11-03,2007-11-03,2021-08-25,-285000.0,503052000.0,,272394000.0,230658000.0,,19.427,-31759000.0,3512000.0,3512000.0,140156000.0,4206000.0,1.483,1.544,97000000.0,41962000.0,55038000.0,97000000.0,0.0,9494000.0,0.0,0.0,0.0,7976000.0,17470000.0,0.084,17470000.0,7976000.0,6669000.0,0.06,0.05,0.06,197743000.0,,197743000.0,1923003712.0,49.0,24.901,-34694000.0,-3.408,1.0,68079000.0,0.327,0.0,1307000.0,412924000.0,,219453000.0,0.0,0.0,0.0,305309000.0,183616000.0,121693000.0,1837342712.0,347000.0,0.0,124047000.0,8174000.0,-93012000.0,35041000.0,-31759000.0,0.0,-2935000.0,0.0,4206000.0,608000.0,608000.0,0.0,0.0,0.003,60103000.0,7976000.0,85985000.0,0.0,9.292,297.835,32.099,226533000.0,3598000.0,32.42,2.112,0.379,16089000.0,-82728000.0,208235000.0,208235000.0,0.0,,,,,457000.0,55609000.0,1.0,56673125.0,10179000,12476000.0,20.457,503052000.0,9739000.0,2463000.0,0.0,49.421,88778000.0
56,ULTA,MRQ,2007-06-30,2007-08-04,2007-08-04,2021-08-25,-76000.0,397594000.0,,194787000.0,202807000.0,,21.755,-25132000.0,3165000.0,3165000.0,141417000.0,2206000.0,1.622,1.44,88826000.0,33788000.0,55038000.0,88826000.0,0.0,9263000.0,0.0,,0.0,4930000.0,14193000.0,0.071,14193000.0,4930000.0,3768000.0,-0.23,-0.23,-0.23,161007000.0,,161007000.0,,,,-10904000.0,-1.473,1.0,59032000.0,0.294,0.0,1162000.0,363149000.0,,148559000.0,0.0,0.0,0.0,231795000.0,120106000.0,111689000.0,,4000.0,0.0,161000.0,5735000.0,0.0,6814000.0,-21038000.0,4094000.0,14228000.0,0.0,2206000.0,-1672000.0,-1672000.0,0.0,0.0,-0.008,54102000.0,4930000.0,41010000.0,0.0,,,,196919000.0,3878000.0,,,,14295000.0,-83336000.0,200449000.0,200449000.0,0.0,,,,,-653000.0,51188000.0,1.0,56673125.0,7401000,7401000.0,27.084,397594000.0,9601000.0,1562000.0,0.0,53.722,74681000.0
57,ULTA,MRQ,2007-03-31,2007-05-05,2007-05-05,2021-08-25,-80000.0,377852000.0,,197900000.0,179952000.0,,21.344,-17757000.0,3161000.0,3161000.0,134600000.0,5319000.0,1.766,1.433,83091000.0,28053000.0,55038000.0,83091000.0,0.0,9840000.0,0.0,,0.0,9875000.0,19715000.0,0.102,19715000.0,9875000.0,8879000.0,0.22,0.1,0.22,153359000.0,,153359000.0,,,,-31928000.0,-4.444,1.0,59513000.0,0.307,0.0,996000.0,345752000.0,,152867000.0,-4094000.0,0.0,-4094000.0,219701000.0,112030000.0,107671000.0,,-484000.0,0.0,-1283000.0,32354000.0,0.0,31071000.0,-17384000.0,373000.0,-14171000.0,0.0,5319000.0,1576000.0,1576000.0,0.0,0.0,0.008,49638000.0,9875000.0,50922000.0,0.0,,,,174916000.0,3743000.0,,,,17137000.0,-81665000.0,194113000.0,194113000.0,0.0,,,,,289000.0,47982000.0,1.0,,7185000,50972000.0,27.016,377852000.0,10422000.0,3560000.0,0.0,52.589,85870000.0
58,ULTA,MRQ,2006-12-31,2007-02-03,2007-02-03,2021-08-25,19000.0,338597000.0,,172046000.0,166551000.0,,21.819,-24085000.0,3645000.0,3645000.0,182691000.0,9662000.0,2.05,1.244,50737000.0,0.0,50737000.0,50737000.0,0.0,9577000.0,0.0,,0.0,16271000.0,25848000.0,0.097,25848000.0,16271000.0,15445000.0,0.96,0.19,0.96,148760000.0,,148760000.0,,,,19787000.0,2.902,1.0,84321000.0,0.316,0.0,826000.0,301748000.0,,129237000.0,-4467000.0,0.0,-4467000.0,185045000.0,83941000.0,101104000.0,,424000.0,0.0,-1330000.0,-20575000.0,0.0,-19363000.0,-24085000.0,0.0,43872000.0,0.0,9662000.0,5657000.0,5657000.0,0.0,0.0,0.021,68050000.0,16271000.0,43071000.0,0.0,,,,162080000.0,4005000.0,,,,18476000.0,-83240000.0,267012000.0,267012000.0,0.0,,,,,-2243000.0,66282000.0,1.0,,6818000,51835000.0,39.163,338597000.0,9537000.0,5783000.0,2266000.0,49.662,88105000.0
59,ULTA,MRQ,2006-09-30,2006-10-28,2006-10-28,2021-08-25,5000.0,360006000.0,,194725000.0,165281000.0,,20.681,-19876000.0,3221000.0,3221000.0,115332000.0,3617000.0,1.468,1.582,71311000.0,33485000.0,37826000.0,71311000.0,0.0,7918000.0,0.0,,0.0,7045000.0,14963000.0,0.09,14963000.0,7045000.0,6014000.0,0.0,0.0,0.0,137573000.0,,137573000.0,,,,-16289000.0,-2.449,1.0,50743000.0,0.306,0.0,1031000.0,295427000.0,,156788000.0,-4467000.0,0.0,-4467000.0,217641000.0,132669000.0,84972000.0,,105000.0,0.0,69000.0,16240000.0,0.0,16394000.0,-19876000.0,0.0,3587000.0,0.0,3617000.0,9000.0,9000.0,0.0,0.0,0.0,43698000.0,7045000.0,60251000.0,,,,,159114000.0,3608000.0,,,,13905000.0,-88897000.0,166075000.0,166075000.0,0.0,,,,,143000.0,40797000.0,1.0,,6652000,8354000.0,24.966,360006000.0,9160000.0,2397000.0,0.0,54.12,62056000.0
60,ULTA,MRQ,2005-12-31,2006-01-28,2006-01-28,2021-08-25,-49000.0,282615000.0,,145451000.0,137164000.0,,30.048,,2839000.0,2839000.0,,,2.109,1.258,45381000.0,0.0,45381000.0,45381000.0,0.0,,0.0,,0.0,,,,,,,,,,123015000.0,,123015000.0,,,,,,1.0,,,0.0,,256179000.0,,109374000.0,-373000.0,0.0,-373000.0,154808000.0,68978000.0,85830000.0,,,,,,,,,,,,,,,,,,,,34435000.0,,,,,133003000.0,,,,,15757000.0,-91199000.0,,,,,,,,,,1.0,,4094000,,,282615000.0,6501000.0,,8047000.0,69.032,76473000.0
0,ULTA,MRT,2021-06-30,2021-07-31,2021-07-31,2021-08-25,0.0,4954585000.0,5000773000.0,2494934000.0,2459651000.0,1.531,34.382,-132081000.0,770144000.0,770144000.0,4788162000.0,727474000.0,1.806,1.636,1852981000.0,267442000.0,1585539000.0,1852981000.0,265462000.0,556104000.0,0.0,0.0,0.0,963180000.0,1519284000.0,0.198,1519284000.0,963180000.0,960551000.0,13.09,13.01,13.09,1879813000.0,1894629000.0,1879813000.0,19316640305.0,20.0,12.714,1063698000.0,19.455,1.0,2868298000.0,0.375,12871000.0,2629000.0,4643018000.0,4671881000.0,1443685000.0,0.0,0.0,0.0,3074772000.0,1381533000.0,1693239000.0,18387587305.0,-387174000.0,0.0,-650509000.0,-800054000.0,0.0,-1450563000.0,-132360000.0,-279000.0,1195779000.0,-30000.0,727474000.0,727474000.0,727474000.0,0.0,0.0,0.095,1905118000.0,963180000.0,535257000.0,0.0,9.782,25.276,25.653,2379673000.0,0.0,335.8,2.402,2.398,154416000.0,1034831000.0,7656460000.0,7656460000.0,0.0,0.145,0.384,0.206,0.126,32085000.0,1838692000.0,1.0,54757556.0,54675000,55014000.0,140.036,4941714000.0,18544000.0,233077000.0,64535000.0,90.383,1113401000.0
1,ULTA,MRT,2021-03-31,2021-05-01,2021-05-01,2021-08-25,0.0,5087544000.0,5136407000.0,2563756000.0,2523788000.0,1.347,33.062,-144955000.0,947456000.0,947456000.0,4517920000.0,484633000.0,1.684,1.758,1876509000.0,263200000.0,1613309000.0,1876509000.0,270090000.0,557834000.0,0.0,0.0,0.0,643628000.0,1201462000.0,0.174,1201462000.0,643628000.0,638807000.0,8.64,8.59,8.64,1844717000.0,1867374000.0,1844717000.0,19362061725.0,30.0,16.115,1019785000.0,18.277,1.0,2399342000.0,0.347,13103000.0,4821000.0,4480731000.0,5018187750.0,1353565000.0,0.0,0.0,0.0,3242827000.0,1522763000.0,1720064000.0,18511311725.0,-96084000.0,-1220000.0,-424329000.0,-800116000.0,0.0,-1224445000.0,-36454000.0,109721000.0,1164740000.0,75000.0,484633000.0,484633000.0,484633000.0,0.0,0.0,0.07,1755714000.0,643628000.0,552837000.0,0.0,10.035,38.197,38.119,2448056000.0,0.0,329.35,2.676,2.657,154342000.0,1027414000.0,6917262000.0,6917262000.0,0.0,0.094,0.26,0.128,0.093,30379000.0,1645980000.0,1.0,56205592.0,55795000,56172000.0,123.976,5074441000.0,0.0,154174000.0,180443000.0,90.948,1040993000.0
2,ULTA,MRT,2020-12-31,2021-01-30,2021-01-30,2021-08-25,56000.0,5089969000.0,5247158750.0,2514777000.0,2575192000.0,1.172,35.484,-151866000.0,1046051000.0,1046051000.0,4202794000.0,175835000.0,1.872,1.546,1896801000.0,253415000.0,1643386000.0,1896801000.0,274383000.0,565843000.0,0.0,0.0,0.0,236820000.0,802663000.0,0.13,802663000.0,236820000.0,231085000.0,3.12,3.11,3.12,1999549000.0,1844684500.0,1999549000.0,17114316647.0,72.0,21.322,658489000.0,11.685,1.0,1949159000.0,0.317,13335000.0,5735000.0,4583671000.0,5439391000.0,1168215000.0,0.0,0.0,0.0,3090420000.0,1343713000.0,1746707000.0,15761297647.0,653726000.0,-1220000.0,-106019000.0,-1915000.0,0.0,-107934000.0,-48751000.0,104335000.0,810355000.0,56000.0,175835000.0,175835000.0,175835000.0,0.0,0.0,0.029,1712339000.0,236820000.0,477052000.0,0.0,7.882,89.637,89.667,2500409000.0,0.0,279.76,2.562,2.563,193109000.0,1189422000.0,6151953000.0,6151953000.0,0.0,0.034,0.095,0.044,0.038,27583000.0,1583017000.0,1.0,56338639.0,56351000,56558000.0,109.172,5076634000.0,0.0,55250000.0,107888000.0,90.09,1171064000.0
3,ULTA,MRT,2020-09-30,2020-10-31,2020-10-31,2021-08-25,-86000.0,4870994000.0,5190634500.0,2245009000.0,2625985000.0,1.206,32.923,-174143000.0,560902000.0,560902000.0,4274154000.0,227060000.0,1.825,1.627,1913921000.0,252171000.0,1661750000.0,1913921000.0,224862000.0,558732000.0,0.0,0.0,0.0,300304000.0,859036000.0,0.137,859036000.0,300304000.0,295471000.0,3.98,3.95,3.98,1854437000.0,1820320750.0,1854437000.0,13252178214.0,44.0,15.427,628689000.0,11.161,1.0,1985016000.0,0.317,13566000.0,4833000.0,4980104000.0,5608066250.0,1439098000.0,0.0,0.0,0.0,3016557000.0,1230343000.0,1786214000.0,11645928214.0,352059000.0,-1220000.0,-248609000.0,-1861000.0,0.0,-250470000.0,-200217000.0,-24854000.0,802832000.0,-86000.0,227060000.0,227060000.0,227060000.0,0.0,0.0,0.036,1684712000.0,300304000.0,478501000.0,0.0,6.28,51.29,51.952,2552292000.0,0.0,206.77,1.861,1.861,136271000.0,1059840000.0,6259170000.0,6259170000.0,0.0,0.044,0.125,0.054,0.048,28916000.0,1584419000.0,1.0,56323104.0,56327000,56546000.0,111.122,4857428000.0,8928000.0,68411000.0,95611000.0,86.236,1014666000.0
4,ULTA,MRT,2020-06-30,2020-08-01,2020-08-01,2021-08-25,30000.0,5497121000.0,5205098000.0,2799188000.0,2697933000.0,1.228,31.443,-224411000.0,1157318000.0,1157318000.0,4326721000.0,282009000.0,2.637,2.104,2763568000.0,245019000.0,2518549000.0,2763568000.0,216545000.0,564171000.0,0.0,0.0,0.0,366807000.0,930978000.0,0.146,930978000.0,366807000.0,364257000.0,4.9,4.88,4.9,1770793000.0,1818500500.0,1770793000.0,12612798106.0,34.0,13.548,445535000.0,7.911,1.0,2062930000.0,0.323,13797000.0,2550000.0,6028245000.0,5707546750.0,1368543000.0,0.0,0.0,0.0,3726328000.0,1061329000.0,2664999000.0,10867597106.0,979920000.0,-1220000.0,-377571000.0,798139000.0,0.0,420568000.0,-110624000.0,115007000.0,669946000.0,30000.0,282009000.0,282009000.0,282009000.0,0.0,0.0,0.044,1696123000.0,366807000.0,398011000.0,0.0,6.137,38.536,39.386,2626064000.0,0.0,192.99,1.701,1.701,127992000.0,985042000.0,6389651000.0,6389651000.0,0.0,0.054,0.155,0.064,0.057,26874000.0,1617239000.0,1.0,56311711.0,56318000,56497000.0,113.457,5483324000.0,42622000.0,82248000.0,94272000.0,97.364,1737859000.0
5,ULTA,MRT,2020-03-31,2020-05-02,2020-05-02,2021-08-25,-75000.0,5530551000.0,5008411500.0,2728820000.0,2801731000.0,1.363,31.088,-268172000.0,1043540000.0,1043540000.0,4488427000.0,435215000.0,2.489,2.153,2788741000.0,240496000.0,2548245000.0,2788741000.0,216330000.0,574867000.0,0.0,0.0,0.0,562070000.0,1136937000.0,0.167,1136937000.0,562070000.0,563808000.0,7.53,7.5,7.53,1753959000.0,1835665000.0,1753959000.0,13612016517.0,24.0,11.973,537125000.0,9.52,1.0,2339822000.0,0.343,14029000.0,-1738000.0,6165544000.0,5536816250.0,1340566000.0,110000000.0,110000000.0,0.0,3776592000.0,1096179000.0,2680413000.0,12065994517.0,716709000.0,0.0,-647946000.0,798201000.0,0.0,150255000.0,-238768000.0,29404000.0,805297000.0,-75000.0,435215000.0,435215000.0,435215000.0,0.0,0.0,0.064,1777752000.0,562070000.0,466043000.0,0.0,6.879,27.724,28.457,2731831000.0,0.0,214.28,1.767,1.771,88691000.0,976990000.0,6828249000.0,6828249000.0,0.0,0.087,0.237,0.102,0.082,25197000.0,1738495000.0,1.0,56309476.0,56419000,56419000.0,121.027,5516522000.0,48982000.0,128593000.0,95276000.0,97.778,1632641000.0
6,ULTA,MRT,2019-12-31,2020-02-01,2020-02-01,2021-08-25,0.0,4863872000.0,4817362000.0,2055317000.0,2808555000.0,1.536,32.885,-298534000.0,392325000.0,392325000.0,4717004000.0,705945000.0,1.807,1.557,1938347000.0,239629000.0,1698718000.0,1938347000.0,237535000.0,574419000.0,0.0,0.0,0.0,901094000.0,1475513000.0,0.199,1475513000.0,901094000.0,906150000.0,12.21,12.15,12.21,1902094000.0,1882567250.0,1902094000.0,17034685135.0,19.0,11.545,802759000.0,13.879,1.0,2681064000.0,0.362,14261000.0,-5056000.0,5258372000.0,5306629000.0,1293701000.0,110000000.0,110000000.0,0.0,2961778000.0,1137261000.0,1824517000.0,15314095135.0,-16926000.0,0.0,-646739000.0,0.0,0.0,-646739000.0,-471480000.0,-172946000.0,1101293000.0,0.0,705945000.0,705945000.0,705945000.0,0.0,0.0,0.095,1779970000.0,901094000.0,414009000.0,0.0,8.051,21.693,21.942,2743089000.0,0.0,267.91,2.07,2.095,139337000.0,1128477000.0,7398068000.0,7398068000.0,0.0,0.147,0.375,0.17,0.122,25045000.0,1760716000.0,1.0,57161342.0,57840000,58105000.0,127.906,4849611000.0,16387000.0,200205000.0,89367000.0,83.845,918056000.0
7,ULTA,MRT,2019-09-30,2019-11-02,2019-11-02,2021-08-25,0.0,4928848000.0,4399187000.0,2097468000.0,2831380000.0,1.64,32.087,-304121000.0,208843000.0,208843000.0,4601828000.0,697900000.0,1.669,1.668,1929433000.0,222627000.0,1706806000.0,1929433000.0,190188000.0,510247000.0,0.0,0.0,0.0,890762000.0,1401009000.0,0.194,1401009000.0,890762000.0,900440000.0,11.92,11.86,11.92,1847156000.0,1862098250.0,1847156000.0,15432884734.0,17.0,11.016,667298000.0,11.591,1.0,2615038000.0,0.362,14492000.0,-9678000.0,5378026000.0,4477785500.0,1616920000.0,0.0,0.0,0.0,3081692000.0,1256920000.0,1824772000.0,13718278734.0,-88101000.0,0.0,-709541000.0,0.0,0.0,-709541000.0,-349979000.0,-45858000.0,971419000.0,0.0,697900000.0,697900000.0,697900000.0,0.0,0.0,0.097,1720490000.0,894548000.0,594993000.0,0.0,7.427,19.657,19.556,2762936000.0,0.0,233.11,1.901,1.859,112888000.0,1079862000.0,7216866000.0,7216866000.0,0.0,0.159,0.375,0.199,0.123,25436000.0,1702419000.0,1.0,58848950.0,57568000,57763000.0,125.362,4914356000.0,40474000.0,202540000.0,83856000.0,85.366,840548000.0
8,ULTA,MRT,2019-06-30,2019-08-03,2019-08-03,2021-08-25,0.0,4710375000.0,4000147750.0,1920600000.0,2789775000.0,1.774,31.621,-328922000.0,177398000.0,177398000.0,4530480000.0,699319000.0,1.803,1.561,1892004000.0,208261000.0,1683743000.0,1892004000.0,182354000.0,438742000.0,0.0,0.0,0.0,893513000.0,1332255000.0,0.188,1332255000.0,893513000.0,902291000.0,11.87,11.79,11.87,1839451000.0,1859243250.0,1839451000.0,21240430546.0,24.0,15.943,686538000.0,11.802,1.0,2563883000.0,0.361,14724000.0,-8778000.0,5345323000.0,3642177750.0,1315999000.0,150000000.0,150000000.0,0.0,2870924000.0,1064934000.0,1805990000.0,19701428546.0,-59709000.0,-13606000.0,-696201000.0,0.0,0.0,-696201000.0,-378968000.0,-36440000.0,1015460000.0,0.0,699319000.0,699319000.0,699319000.0,0.0,0.0,0.099,1667902000.0,895981000.0,450117000.0,0.0,10.71,28.172,28.393,2719504000.0,0.0,337.02,2.777,2.763,107263000.0,1078678000.0,7094363000.0,7094363000.0,0.0,0.175,0.376,0.245,0.126,26230000.0,1648674000.0,1.0,58457743.0,58171000,58446000.0,121.957,4695651000.0,38769000.0,202972000.0,86598000.0,80.722,855666000.0
9,ULTA,MRT,2019-03-31,2019-05-04,2019-05-04,2021-08-25,0.0,4766353000.0,3590891250.0,2019332000.0,2747021000.0,1.926,33.115,-316977000.0,326831000.0,326831000.0,4422532000.0,686384000.0,1.931,1.455,1865833000.0,211432000.0,1654401000.0,1865833000.0,182993000.0,357724000.0,0.0,0.0,0.0,880453000.0,1238177000.0,0.179,1238177000.0,880453000.0,887560000.0,11.57,11.49,11.57,1941568000.0,1852500000.0,1941568000.0,19699277298.0,22.0,15.91,633565000.0,10.806,1.0,2493445000.0,0.361,14955000.0,-7107000.0,5244795000.0,2825218750.0,1250037000.0,195000000.0,195000000.0,0.0,2824785000.0,1045605000.0,1779180000.0,20108528298.0,94945000.0,-13606000.0,-552370000.0,0.0,0.0,-552370000.0,-303227000.0,27356000.0,950542000.0,0.0,686384000.0,686384000.0,686384000.0,0.0,0.0,0.099,1611667000.0,881778000.0,407345000.0,0.0,10.357,29.296,29.556,2685051000.0,0.0,341.96,2.908,2.899,110046000.0,1188313000.0,6915977000.0,6915977000.0,0.0,0.191,0.371,0.312,0.127,26496000.0,1592973000.0,1.0,58803744.0,58631000,58993000.0,117.958,4751398000.0,245000.0,201176000.0,107063000.0,81.039,973727000.0
10,ULTA,MRT,2018-12-31,2019-02-02,2019-02-02,2021-08-25,0.0,3191172000.0,3154865250.0,1914861000.0,1276311000.0,2.129,30.406,-319400000.0,409251000.0,409251000.0,4307304000.0,658559000.0,2.325,0.753,0.0,0.0,0.0,0.0,199054000.0,279472000.0,0.0,0.0,0.0,854080000.0,1133552000.0,0.169,1133552000.0,854080000.0,859141000.0,11.0,10.94,11.0,1820218000.0,1812966250.0,1820218000.0,16984242567.0,20.0,14.983,636727000.0,10.636,1.0,2409311000.0,0.359,15187000.0,-5061000.0,1942998000.0,2025337750.0,1214329000.0,0.0,0.0,0.0,1370954000.0,823736000.0,547218000.0,17281186567.0,131806000.0,-13606000.0,-609214000.0,0.0,0.0,-609214000.0,-215107000.0,117899000.0,956127000.0,0.0,658559000.0,658559000.0,658559000.0,0.0,0.0,0.098,1555231000.0,854080000.0,404016000.0,0.0,9.494,26.241,26.487,1226029000.0,0.0,291.36,2.573,2.597,136168000.0,1105863000.0,6716615000.0,6716615000.0,0.0,0.209,0.363,0.422,0.127,26636000.0,1535464000.0,1.0,59312145.0,59864000,60181000.0,112.198,3175985000.0,16997000.0,200582000.0,83864000.0,53.053,1091125000.0
11,ULTA,MRT,2018-09-30,2018-11-03,2018-11-03,2021-08-25,0.0,3332691000.0,3084244000.0,2025973000.0,1306718000.0,2.117,30.737,-359490000.0,296944000.0,296944000.0,4202692000.0,652058000.0,2.059,0.815,0.0,0.0,0.0,0.0,154447000.0,272655000.0,0.0,0.0,0.0,831434000.0,1104089000.0,0.169,1104089000.0,831434000.0,831434000.0,10.78,10.72,10.78,1835736000.0,1801466000.0,1835736000.0,16615156998.0,20.0,15.049,632997000.0,10.599,1.0,2326799000.0,0.356,16069000.0,0.0,2035595000.0,2036857250.0,1484565000.0,0.0,0.0,0.0,1496955000.0,984083000.0,512872000.0,16852263998.0,250157000.0,-13606000.0,-429202000.0,-32000.0,0.0,-429234000.0,-313096000.0,60000000.0,992487000.0,0.0,652058000.0,652058000.0,652058000.0,0.0,0.0,0.1,1499510000.0,827289000.0,574480000.0,0.0,9.18,25.845,26.155,1257775000.0,0.0,281.95,2.581,2.579,102353000.0,1127951000.0,6529491000.0,6529491000.0,0.0,0.211,0.362,0.408,0.127,26809000.0,1477850000.0,1.0,59770399.0,59724000,60062000.0,109.328,3316622000.0,22294000.0,179376000.0,50045000.0,55.532,1041890000.0
12,ULTA,MRT,2018-06-30,2018-08-04,2018-08-04,2021-08-25,0.0,3073349000.0,2959789500.0,1830158000.0,1243191000.0,2.132,30.173,-389195000.0,237107000.0,237107000.0,4064012000.0,625537000.0,2.412,0.696,0.0,0.0,0.0,0.0,145907000.0,264946000.0,0.0,0.0,0.0,823886000.0,1088832000.0,0.173,1088832000.0,823886000.0,823886000.0,10.29,10.24,10.29,1812478000.0,1746544750.0,1812478000.0,13911607729.0,17.0,12.777,558181000.0,9.292,1.0,2247649000.0,0.356,0.0,0.0,2077487000.0,2046302000.0,1219685000.0,149000000.0,149000000.0,0.0,1260871000.0,758755000.0,502116000.0,14143493729.0,144247000.0,0.0,-444351000.0,-583000.0,0.0,-444934000.0,-358195000.0,31000000.0,947376000.0,0.0,625537000.0,625537000.0,625537000.0,0.0,0.0,0.099,1426906000.0,820743000.0,409849000.0,0.0,7.803,22.61,22.84,1212978000.0,0.0,235.02,2.241,2.237,103666000.0,1115751000.0,6311661000.0,6311661000.0,0.0,0.211,0.358,0.403,0.131,25922000.0,1403126000.0,1.0,60179958.0,60070000,60375000.0,105.072,3073349000.0,17082000.0,198349000.0,49700000.0,51.163,1071403000.0
13,ULTA,MRT,2018-03-31,2018-05-05,2018-05-05,2021-08-25,0.0,3022249000.0,2867006500.0,1802699000.0,1219550000.0,2.132,29.425,-438219000.0,231886000.0,231886000.0,3931780000.0,591407000.0,2.419,0.695,0.0,0.0,0.0,0.0,140764000.0,259026000.0,0.0,0.0,0.0,809283000.0,1068309000.0,0.175,1068309000.0,809283000.0,809283000.0,9.66,9.61,9.66,1783433000.0,1702262750.0,1783433000.0,15102074889.0,19.0,14.136,442666000.0,7.304,1.0,2181514000.0,0.357,0.0,0.0,2045271000.0,2036700250.0,1136816000.0,237193000.0,237193000.0,0.0,1238816000.0,745092000.0,493724000.0,15379519889.0,-89839000.0,0.0,-444729000.0,-583000.0,0.0,-445312000.0,-525412000.0,-87193000.0,880885000.0,0.0,591407000.0,591407000.0,591407000.0,0.0,0.0,0.097,1374786000.0,806728000.0,372664000.0,0.0,8.624,26.005,26.267,1190969000.0,0.0,253.74,2.516,2.516,100274000.0,1094824000.0,6113294000.0,6113294000.0,0.0,0.206,0.347,0.397,0.132,25078000.0,1349411000.0,1.0,60611334.0,60610000,60909000.0,100.863,3022249000.0,0.0,217876000.0,102566000.0,49.864,1057607000.0
14,ULTA,MRT,2017-12-31,2018-02-03,2018-02-03,2021-08-25,0.0,2908687000.0,2788344500.0,1693743000.0,1214944000.0,2.11,28.823,-440714000.0,277445000.0,277445000.0,3787697000.0,555234000.0,2.638,0.639,0.0,0.0,0.0,0.0,113136000.0,252713000.0,0.0,0.0,0.0,786859000.0,1039572000.0,0.177,1039572000.0,786859000.0,786859000.0,9.02,8.96,9.02,1774217000.0,1666818750.0,1774217000.0,13339212394.0,17.0,12.831,338652000.0,5.502,1.0,2096809000.0,0.356,0.0,0.0,1989076000.0,1975788500.0,1096424000.0,120000000.0,120000000.0,0.0,1134470000.0,642166000.0,492304000.0,13385999394.0,-107565000.0,0.0,-355634000.0,-583000.0,0.0,-356217000.0,-530714000.0,-90000000.0,779366000.0,0.0,555234000.0,555234000.0,555234000.0,0.0,0.0,0.094,1311518000.0,785291000.0,325758000.0,0.0,7.545,24.109,24.331,1189453000.0,0.0,219.47,2.275,2.296,99719000.0,1093453000.0,5884506000.0,5884506000.0,0.0,0.199,0.333,0.398,0.134,24399000.0,1287232000.0,1.0,60992388.0,61556000,61975000.0,95.596,2908687000.0,1489000.0,231625000.0,73504000.0,47.253,1051577000.0
15,ULTA,MRT,2017-09-30,2017-10-28,2017-10-28,2021-08-25,0.0,2834873000.0,2699142250.0,1646288000.0,1188585000.0,2.048,26.363,-429883000.0,46787000.0,46787000.0,3544118000.0,487279000.0,2.303,0.754,0.0,0.0,0.0,0.0,0.0,246991000.0,0.0,0.0,0.0,756427000.0,1003418000.0,0.182,1003418000.0,756427000.0,756427000.0,7.86,7.82,7.86,1616051000.0,1610819000.0,1616051000.0,12127531844.0,16.0,12.086,210577000.0,3.435,1.0,1983370000.0,0.359,0.0,0.0,2073374000.0,1887900750.0,1349714000.0,60000000.0,60000000.0,0.0,1218822000.0,714712000.0,504110000.0,12220391844.0,-86321000.0,0.0,-346399000.0,-551000.0,0.0,-346898000.0,-379883000.0,50000000.0,640460000.0,0.0,487279000.0,487279000.0,487279000.0,0.0,0.0,0.088,1228268000.0,755102000.0,447293000.0,0.0,7.562,25.079,25.309,1172682000.0,0.0,198.93,2.211,2.206,82934000.0,943091000.0,5527488000.0,5527488000.0,0.0,0.181,0.303,0.401,0.137,22983000.0,1203867000.0,1.0,61430613.0,61299000,61630000.0,90.173,2834873000.0,5450000.0,269148000.0,79631000.0,46.247,931576000.0
16,ULTA,MRT,2017-06-30,2017-07-29,2017-07-29,2021-08-25,0.0,2702217000.0,2628224250.0,1592494000.0,1109723000.0,2.023,26.404,-417062000.0,92860000.0,92860000.0,3399244000.0,470196000.0,2.792,0.652,0.0,0.0,0.0,0.0,0.0,238325000.0,0.0,0.0,0.0,733316000.0,971641000.0,0.183,971641000.0,733316000.0,733316000.0,7.55,7.52,7.55,1635350000.0,1569827250.0,1635350000.0,15099554997.0,21.0,15.54,217686000.0,3.515,1.0,1917295000.0,0.361,0.0,0.0,2039080000.0,1810420500.0,1144702000.0,180000000.0,180000000.0,0.0,1066867000.0,570277000.0,496590000.0,15421279997.0,-101224000.0,0.0,-253278000.0,0.0,0.0,-248910000.0,-487062000.0,-70000000.0,634748000.0,0.0,470196000.0,470196000.0,470196000.0,0.0,0.0,0.088,1185199000.0,732096000.0,313483000.0,0.0,9.43,32.798,32.927,1095135000.0,0.0,248.6,2.901,2.896,67593000.0,970122000.0,5316539000.0,5316539000.0,0.0,0.179,0.3,0.405,0.138,17759000.0,1163602000.0,1.0,62032502.0,61935000,62379000.0,85.841,2702217000.0,9124000.0,263120000.0,85181000.0,43.63,1022217000.0
17,ULTA,MRT,2017-03-31,2017-04-29,2017-04-29,2021-08-25,0.0,2707601000.0,2529117000.0,1672972000.0,1034629000.0,2.015,26.435,-395880000.0,321725000.0,321725000.0,3263093000.0,446007000.0,2.863,0.649,0.0,0.0,0.0,0.0,0.0,224884000.0,0.0,0.0,0.0,696978000.0,921862000.0,0.181,921862000.0,696978000.0,696978000.0,7.15,7.12,7.15,1641657000.0,1508974000.0,1641657000.0,17101494662.0,25.0,18.551,247318000.0,3.983,1.0,1832807000.0,0.36,0.0,0.0,1801624000.0,1705515250.0,1048431000.0,150000000.0,150000000.0,0.0,1065944000.0,584252000.0,481692000.0,17486504662.0,82471000.0,0.0,-150697000.0,0.0,0.0,-144847000.0,-415880000.0,-20000000.0,643198000.0,0.0,446007000.0,446007000.0,446007000.0,0.0,0.0,0.088,1136742000.0,696065000.0,319352000.0,0.0,10.652,39.207,39.362,1020853000.0,0.0,281.44,3.431,3.43,62936000.0,982413000.0,5095900000.0,5095900000.0,0.0,0.176,0.296,0.409,0.137,14959000.0,1116555000.0,1.0,62132265.0,62101000,62594000.0,82.058,2707601000.0,0.0,250971000.0,141287000.0,43.6,1088720000.0
18,ULTA,MRT,2016-12-31,2017-01-28,2017-01-28,2021-08-25,0.0,2551878000.0,2406954250.0,1536237000.0,1015641000.0,2.017,24.796,-373447000.0,385010000.0,385010000.0,3107508000.0,409760000.0,2.902,0.646,0.0,0.0,0.0,0.0,0.0,210295000.0,0.0,0.0,0.0,655714000.0,866009000.0,0.178,866009000.0,655714000.0,655714000.0,6.55,6.52,6.55,1550218000.0,1428481750.0,1550218000.0,16759359975.0,26.0,19.352,260938000.0,4.174,1.0,1747229000.0,0.36,0.0,0.0,1637525000.0,1626099750.0,943975000.0,30000000.0,30000000.0,0.0,1001660000.0,529343000.0,472317000.0,16892467975.0,39170000.0,0.0,-330821000.0,0.0,0.0,-321768000.0,-273447000.0,100000000.0,634385000.0,0.0,409760000.0,409760000.0,409760000.0,0.0,0.0,0.084,1092405000.0,654824000.0,259518000.0,0.0,10.897,41.225,41.441,1004358000.0,0.0,271.44,3.48,3.496,88631000.0,905785000.0,4854737000.0,4854737000.0,0.0,0.17,0.287,0.403,0.135,10287000.0,1073834000.0,1.0,62232788.0,62519000,62851000.0,77.652,2551878000.0,0.0,245954000.0,95469000.0,40.818,1006894000.0
19,ULTA,MRT,2016-09-30,2016-10-29,2016-10-29,2021-08-25,0.0,2551201000.0,2326714250.0,1538465000.0,1012736000.0,1.952,23.281,-348461000.0,133108000.0,133108000.0,2901101000.0,377365000.0,2.35,0.757,0.0,0.0,0.0,0.0,0.0,197012000.0,0.0,0.0,0.0,601127000.0,798139000.0,0.176,798139000.0,601127000.0,601127000.0,5.99,5.96,5.99,1452084000.0,1401648750.0,1452084000.0,14918732303.0,25.0,18.692,201458000.0,3.23,1.0,1641357000.0,0.361,0.0,0.0,1763453000.0,1588931250.0,1137023000.0,110000000.0,110000000.0,0.0,1099117000.0,654640000.0,444477000.0,15112816303.0,-76444000.0,0.0,-328001000.0,0.0,0.0,-318111000.0,-308252000.0,40209000.0,549919000.0,0.0,377365000.0,377365000.0,377365000.0,0.0,0.0,0.083,1041277000.0,600080000.0,425071000.0,0.0,10.408,40.048,40.452,1001938000.0,0.0,242.31,3.327,3.327,65708000.0,812846000.0,4542458000.0,4542458000.0,0.0,0.162,0.269,0.378,0.132,8781000.0,1025737000.0,1.0,62369759.0,62371000,62692000.0,72.83,2551201000.0,7015000.0,223762000.0,62669000.0,40.904,883825000.0
20,ULTA,MRT,2016-06-30,2016-07-30,2016-07-30,2021-08-25,0.0,2305788000.0,2248913500.0,1376082000.0,929706000.0,1.922,22.28,-311544000.0,194084000.0,194084000.0,2771984000.0,360873000.0,2.796,0.657,0.0,0.0,0.0,0.0,0.0,185863000.0,0.0,0.0,0.0,572307000.0,758170000.0,0.175,758170000.0,572307000.0,572307000.0,5.7,5.67,5.7,1391937000.0,1382167500.0,1391937000.0,16074519119.0,28.0,21.202,158264000.0,2.533,1.0,1549942000.0,0.359,0.0,0.0,1619459000.0,1541185500.0,930205000.0,110000000.0,110000000.0,0.0,913851000.0,492245000.0,421606000.0,16313773119.0,-131130000.0,0.0,-336528000.0,0.0,0.0,-329603000.0,-271335000.0,40209000.0,469808000.0,0.0,360873000.0,360873000.0,360873000.0,0.0,0.0,0.083,978754000.0,571188000.0,285238000.0,0.0,11.72,45.206,45.826,919597000.0,0.0,261.21,3.775,3.776,55998000.0,769827000.0,4321926000.0,4321926000.0,0.0,0.16,0.261,0.371,0.132,9953000.0,964036000.0,1.0,62454627.0,62475000,62813000.0,69.178,2305788000.0,3075000.0,211434000.0,59566000.0,36.907,883837000.0
21,ULTA,MRT,2016-03-31,2016-04-30,2016-04-30,2021-08-25,0.0,2218950000.0,2201444000.0,1338417000.0,880533000.0,1.876,20.937,-296866000.0,239254000.0,239254000.0,2658131000.0,345038000.0,2.7,0.681,0.0,0.0,0.0,0.0,0.0,174969000.0,0.0,0.0,0.0,547026000.0,721995000.0,0.175,721995000.0,547026000.0,547026000.0,5.42,5.39,5.42,1319688000.0,1370130500.0,1319688000.0,12696279946.0,23.0,17.585,177647000.0,2.818,1.0,1471579000.0,0.356,0.0,0.0,1483962000.0,1491441250.0,843490000.0,130000000.0,130000000.0,0.0,899262000.0,495734000.0,403528000.0,13042119946.0,-146753000.0,0.0,-353306000.0,0.0,0.0,-344609000.0,-276657000.0,20209000.0,474513000.0,0.0,345038000.0,345038000.0,345038000.0,0.0,0.0,0.084,925700000.0,545879000.0,266278000.0,0.0,9.883,37.799,38.428,870835000.0,0.0,208.28,3.158,3.179,54112000.0,737535000.0,4129710000.0,4129710000.0,0.0,0.157,0.252,0.367,0.132,7577000.0,911593000.0,1.0,62618206.0,63031000,63335000.0,65.519,2218950000.0,0.0,201988000.0,110133000.0,35.204,842683000.0
22,ULTA,MRT,2015-12-31,2016-01-30,2016-01-30,2021-08-25,0.0,2230918000.0,2166194250.0,1375173000.0,855745000.0,1.812,22.563,-299167000.0,345840000.0,345840000.0,2539783000.0,320008000.0,3.471,0.546,0.0,0.0,0.0,0.0,0.0,165049000.0,0.0,0.0,0.0,507440000.0,672489000.0,0.171,672489000.0,507440000.0,507440000.0,5.0,4.98,5.0,1442886000.0,1365954750.0,1442886000.0,11330866305.0,22.0,16.849,76707000.0,1.2,1.0,1384333000.0,0.353,0.0,0.0,1488851000.0,1447520750.0,761793000.0,130000000.0,130000000.0,0.0,788032000.0,396227000.0,391805000.0,11540418305.0,-43309000.0,0.0,-149722000.0,0.0,0.0,-140225000.0,-278958000.0,20209000.0,375874000.0,0.0,320008000.0,320008000.0,320008000.0,0.0,0.0,0.082,878036000.0,506297000.0,196174000.0,0.0,7.998,36.063,36.234,847600000.0,0.0,181.17,2.941,2.952,64992000.0,832215000.0,3924116000.0,3924116000.0,0.0,0.148,0.234,0.351,0.129,6097000.0,863354000.0,1.0,63699389.0,63949000,64275000.0,61.363,2230918000.0,0.0,187432000.0,72229000.0,34.886,978946000.0
23,ULTA,MRT,2015-09-30,2015-10-31,2015-10-31,2021-08-25,0.0,2239998000.0,2104257250.0,1388190000.0,851808000.0,1.76,21.511,-308478000.0,209552000.0,209552000.0,2408428000.0,299449000.0,3.031,0.63,0.0,0.0,0.0,0.0,0.0,154760000.0,0.0,0.0,0.0,475379000.0,630139000.0,0.17,630139000.0,475379000.0,475379000.0,4.67,4.65,4.67,1374159000.0,1317110500.0,1374159000.0,10797635315.0,23.0,17.135,90937000.0,1.424,1.0,1295034000.0,0.35,0.0,0.0,1572470000.0,1383914750.0,884407000.0,150209000.0,150209000.0,0.0,865839000.0,457976000.0,407863000.0,11122849315.0,-85508000.0,0.0,-134783000.0,0.0,0.0,-126236000.0,-358687000.0,-50209000.0,399415000.0,0.0,299449000.0,299449000.0,299449000.0,0.0,0.0,0.081,820756000.0,474278000.0,291269000.0,0.0,8.094,37.144,37.251,844238000.0,0.0,173.96,3.003,3.001,50939000.0,770514000.0,3703462000.0,3703462000.0,0.0,0.142,0.227,0.344,0.128,6066000.0,805887000.0,1.0,63939120.0,63882000,64196000.0,57.973,2239998000.0,22616000.0,175930000.0,72646000.0,35.065,930214000.0
24,ULTA,MRT,2015-06-30,2015-08-01,2015-08-01,2021-08-25,0.0,2115910000.0,2024947500.0,1316085000.0,799825000.0,1.747,20.968,-292188000.0,325214000.0,325214000.0,2297333000.0,287503000.0,3.555,0.575,0.0,0.0,0.0,0.0,0.0,146130000.0,0.0,0.0,0.0,458669000.0,604799000.0,0.171,604799000.0,458669000.0,458669000.0,4.48,4.45,4.48,1343789000.0,1270154000.0,1343789000.0,10278554490.0,22.0,16.995,96872000.0,1.512,1.0,1241151000.0,0.351,0.0,0.0,1420482000.0,1305294250.0,705660000.0,150209000.0,150209000.0,0.0,772121000.0,370214000.0,401907000.0,10664561490.0,-37844000.0,0.0,-93716000.0,0.0,0.0,-84653000.0,-342251000.0,-50063000.0,389060000.0,0.0,287503000.0,287503000.0,287503000.0,0.0,0.0,0.081,783554000.0,457597000.0,215720000.0,0.0,7.936,37.094,37.06,791904000.0,0.0,166.03,3.014,3.007,45277000.0,746959000.0,3538484000.0,3538484000.0,0.0,0.142,0.226,0.351,0.13,5835000.0,768217000.0,1.0,64232738.0,64087000,64410000.0,55.214,2115910000.0,22649000.0,171166000.0,75167000.0,33.016,945871000.0
25,ULTA,MRT,2015-03-31,2015-05-02,2015-05-02,2021-08-25,0.0,2077951000.0,1940923000.0,1325201000.0,752750000.0,1.75,20.302,-266583000.0,386007000.0,386007000.0,2201703000.0,274128000.0,3.454,0.595,0.0,0.0,0.0,0.0,0.0,139258000.0,0.0,0.0,0.0,438121000.0,577379000.0,0.17,577379000.0,438121000.0,438121000.0,4.26,4.24,4.26,1302985000.0,1215717000.0,1302985000.0,9519661849.0,22.0,16.488,124608000.0,1.942,1.0,1194018000.0,0.352,0.0,0.0,1308280000.0,1229327000.0,662936000.0,150209000.0,150209000.0,0.0,774966000.0,383664000.0,391302000.0,9908810849.0,-70702000.0,0.0,-51432000.0,0.0,0.0,-45101000.0,-416792000.0,-150209000.0,391191000.0,0.0,274128000.0,274128000.0,274128000.0,0.0,0.0,0.081,756902000.0,437116000.0,209509000.0,0.0,7.605,36.147,36.214,744665000.0,0.0,154.27,2.918,2.916,43558000.0,718585000.0,3395721000.0,3395721000.0,0.0,0.141,0.225,0.356,0.129,7871000.0,742048000.0,1.0,64230316.0,64180000,64555000.0,52.909,2077951000.0,20766000.0,163993000.0,110006000.0,32.377,941537000.0
26,ULTA,MRT,2014-12-31,2015-01-31,2015-01-31,2021-08-25,0.0,1983170000.0,1846241500.0,1260355000.0,722815000.0,1.756,19.391,-249067000.0,389149000.0,389149000.0,2104582000.0,257135000.0,3.505,0.59,0.0,0.0,0.0,0.0,0.0,131764000.0,0.0,0.0,0.0,411309000.0,543073000.0,0.168,543073000.0,411309000.0,411309000.0,4.0,3.98,4.0,1247509000.0,1154909750.0,1247509000.0,8197344521.0,20.0,15.094,147525000.0,2.293,1.0,1136787000.0,0.351,0.0,0.0,1234427000.0,1137281250.0,581229000.0,150209000.0,150209000.0,0.0,735661000.0,359594000.0,376067000.0,8492404521.0,-30327000.0,0.0,-30872000.0,0.0,0.0,-27643000.0,-399276000.0,-150209000.0,396592000.0,0.0,257135000.0,257135000.0,257135000.0,0.0,0.0,0.079,726372000.0,410415000.0,190778000.0,0.0,6.807,33.027,32.985,717159000.0,0.0,131.94,2.62,2.619,52440000.0,679593000.0,3241369000.0,3241369000.0,0.0,0.139,0.223,0.362,0.127,11694000.0,712006000.0,1.0,64365655.0,64335000,64651000.0,50.383,1983170000.0,20780000.0,154174000.0,93902000.0,30.826,900761000.0
27,ULTA,MRT,2014-09-30,2014-11-01,2014-11-01,2021-08-25,0.0,1922759000.0,1751130750.0,1230742000.0,692017000.0,1.748,18.416,-221556000.0,295060000.0,295060000.0,1981199000.0,240553000.0,3.329,0.621,0.0,0.0,0.0,0.0,0.0,124766000.0,0.0,0.0,0.0,387818000.0,512584000.0,0.167,512584000.0,387818000.0,387818000.0,3.74,3.72,3.74,1186333000.0,1093806000.0,1186333000.0,7414301275.0,19.0,14.465,152186000.0,2.362,1.0,1080611000.0,0.353,0.0,0.0,1257988000.0,1057784500.0,709667000.0,100000000.0,100000000.0,0.0,736426000.0,369711000.0,366715000.0,7777359275.0,54144000.0,0.0,-1358000.0,0.0,0.0,1958000.0,-321556000.0,-100000000.0,373742000.0,0.0,240553000.0,240553000.0,240553000.0,0.0,0.0,0.079,693525000.0,387086000.0,236329000.0,0.0,6.556,32.331,32.302,686898000.0,0.0,120.81,2.54,2.542,49399000.0,622278000.0,3061810000.0,3061810000.0,0.0,0.137,0.22,0.367,0.127,12187000.0,678940000.0,1.0,64376784.0,64419000,64738000.0,47.53,1922759000.0,15709000.0,147265000.0,70797000.0,29.848,861031000.0
28,ULTA,MRT,2014-06-30,2014-08-02,2014-08-02,2021-08-25,0.0,1779812000.0,1654277750.0,1127693000.0,652119000.0,1.774,17.499,-222092000.0,363058000.0,363058000.0,1904352000.0,226859000.0,3.757,0.581,0.0,0.0,0.0,0.0,0.0,117908000.0,0.0,0.0,0.0,366370000.0,484278000.0,0.165,484278000.0,366370000.0,366370000.0,3.53,3.51,3.53,1126041000.0,1029302500.0,1126041000.0,5529331203.0,15.0,11.418,154341000.0,2.398,1.0,1030517000.0,0.351,0.0,0.0,1116613000.0,994991750.0,541508000.0,100146000.0,100146000.0,0.0,653771000.0,300141000.0,353630000.0,5986040203.0,76848000.0,0.0,14551000.0,0.0,0.0,22653000.0,-322238000.0,-100146000.0,376433000.0,0.0,226859000.0,226859000.0,226859000.0,0.0,0.0,0.077,664632000.0,365885000.0,163459000.0,0.0,5.316,26.387,26.363,646890000.0,0.0,93.06,2.04,2.04,42110000.0,573125000.0,2934869000.0,2934869000.0,0.0,0.137,0.22,0.368,0.125,7965000.0,649153000.0,1.0,64324524.0,64349000,64636000.0,45.609,1779812000.0,22012000.0,139511000.0,75732000.0,27.659,827552000.0
29,ULTA,MRT,2014-03-31,2014-05-03,2014-05-03,2021-08-25,0.0,1699225000.0,1557322750.0,1090490000.0,608735000.0,1.799,16.488,-223126000.0,456709000.0,456709000.0,1818379000.0,210976000.0,3.606,0.603,0.0,0.0,0.0,0.0,0.0,111977000.0,0.0,0.0,0.0,341068000.0,453045000.0,0.162,453045000.0,341068000.0,341068000.0,3.29,3.27,3.29,1059756000.0,962907750.0,1059756000.0,5246225043.0,15.0,11.58,135457000.0,2.108,1.0,983252000.0,0.351,0.0,0.0,940097000.0,934097750.0,531427000.0,0.0,0.0,0.0,639469000.0,302419000.0,337050000.0,5665701043.0,163495000.0,0.0,17660000.0,0.0,0.0,28038000.0,-223126000.0,0.0,358583000.0,0.0,210976000.0,210976000.0,210976000.0,0.0,0.0,0.075,642478000.0,340774000.0,184148000.0,0.0,5.346,26.855,26.784,603933000.0,0.0,88.12,2.022,2.022,26722000.0,512331000.0,2801631000.0,2801631000.0,0.0,0.135,0.219,0.365,0.122,6640000.0,625785000.0,1.0,64295291.0,64273000,64607000.0,43.59,1699225000.0,22241000.0,130092000.0,94947000.0,26.438,788071000.0
30,ULTA,MRT,2013-12-31,2014-02-01,2014-02-01,2021-08-25,0.0,1602727000.0,1465410750.0,1002697000.0,600030000.0,1.822,15.675,-226024000.0,419476000.0,419476000.0,1729325000.0,202849000.0,3.758,0.598,0.0,0.0,0.0,0.0,0.0,106283000.0,0.0,0.0,0.0,327706000.0,433989000.0,0.163,433989000.0,327706000.0,327706000.0,3.17,3.15,3.17,1003094000.0,898899750.0,1003094000.0,5264444033.0,16.0,12.13,101701000.0,1.589,1.0,941248000.0,0.352,0.0,0.0,916440000.0,896647500.0,457933000.0,0.0,0.0,0.0,599633000.0,266811000.0,332822000.0,5505360033.0,99001000.0,0.0,-16078000.0,0.0,0.0,-2700000.0,-226024000.0,0.0,327725000.0,0.0,202849000.0,202849000.0,202849000.0,0.0,0.0,0.076,613660000.0,327588000.0,148282000.0,0.0,5.488,27.14,27.038,595736000.0,0.0,85.71,2.061,2.054,47049000.0,462378000.0,2670573000.0,2670573000.0,0.0,0.138,0.226,0.365,0.123,2625000.0,596390000.0,1.0,64232412.0,63992000,64461000.0,41.733,1602727000.0,22246000.0,124857000.0,82067000.0,25.046,735886000.0
31,ULTA,MRT,2013-09-30,2013-11-02,2013-11-02,2021-08-25,0.0,1535347000.0,1383541250.0,941302000.0,594045000.0,1.851,14.491,-221514000.0,240916000.0,240916000.0,1653995000.0,196699000.0,3.273,0.654,0.0,0.0,0.0,0.0,0.0,100973000.0,0.0,0.0,0.0,317265000.0,418238000.0,0.163,418238000.0,317265000.0,317244000.0,3.09,3.05,3.09,928319000.0,844861750.0,928319000.0,7936352000.0,25.0,18.976,40162000.0,0.627,1.0,907331000.0,0.354,0.0,21000.0,1006817000.0,850964250.0,582303000.0,0.0,0.0,0.0,607028000.0,287614000.0,319414000.0,8222562000.0,49192000.0,0.0,-10324000.0,0.0,0.0,9030000.0,-221514000.0,0.0,261676000.0,0.0,196699000.0,196699000.0,196699000.0,0.0,0.0,0.077,590115000.0,317216000.0,190193000.0,0.0,8.857,41.803,41.628,590132000.0,0.0,128.63,3.21,3.217,46911000.0,391696000.0,2561326000.0,2561326000.0,0.0,0.142,0.233,0.373,0.124,-3764000.0,572717000.0,1.0,63924139.0,64061000,64538000.0,39.983,1535347000.0,16415000.0,120545000.0,55568000.0,23.967,653688000.0
32,ULTA,MRT,2013-06-30,2013-08-03,2013-08-03,2021-08-25,0.0,1391992000.0,1308016000.0,846787000.0,545205000.0,1.872,13.48,-215269000.0,286210000.0,286210000.0,1587022000.0,189420000.0,3.638,0.618,0.0,0.0,0.0,0.0,0.0,96366000.0,0.0,0.0,0.0,305678000.0,402044000.0,0.164,402044000.0,305678000.0,305618000.0,2.98,2.94,2.98,860462000.0,789532000.0,860462000.0,6304708652.0,21.0,15.682,72020000.0,1.128,1.0,861163000.0,0.352,0.0,60000.0,873037000.0,790757750.0,461156000.0,0.0,0.0,0.0,531530000.0,232745000.0,298785000.0,6597922652.0,88809000.0,0.0,-9467000.0,0.0,0.0,16789000.0,-215269000.0,0.0,287289000.0,0.0,189420000.0,189420000.0,189420000.0,0.0,0.0,0.077,555527000.0,305636000.0,130738000.0,0.0,7.668,34.832,34.721,541557000.0,0.0,103.47,2.695,2.698,30998000.0,346266000.0,2448185000.0,2448185000.0,0.0,0.145,0.24,0.387,0.125,-11688000.0,539345000.0,1.0,63766528.0,63834000,64331000.0,38.352,1391992000.0,16431000.0,116198000.0,55492000.0,21.806,614042000.0
33,ULTA,MRT,2013-03-31,2013-05-04,2013-05-04,2021-08-25,0.0,1331577000.0,1219710250.0,828615000.0,502962000.0,1.909,12.589,-205783000.0,293214000.0,293214000.0,1512159000.0,179507000.0,3.34,0.657,0.0,0.0,0.0,0.0,0.0,92027000.0,0.0,0.0,0.0,290251000.0,382278000.0,0.164,382278000.0,290251000.0,290087000.0,2.83,2.78,2.83,803724000.0,734337750.0,803724000.0,5421285871.0,19.0,14.182,63507000.0,0.995,1.0,816711000.0,0.351,0.0,164000.0,790296000.0,740493500.0,442085000.0,0.0,0.0,0.0,527853000.0,248067000.0,279786000.0,5741760871.0,26869000.0,0.0,-8852000.0,0.0,-62482000.0,-36638000.0,-205783000.0,0.0,269290000.0,0.0,179507000.0,179507000.0,179507000.0,0.0,0.0,0.077,526484000.0,290227000.0,148488000.0,0.0,7.144,31.986,31.866,499395000.0,0.0,90.18,2.465,2.472,29925000.0,301355000.0,2328870000.0,2328870000.0,0.0,0.147,0.244,0.392,0.125,-21166000.0,510985000.0,1.0,63670003.0,63842000,64495000.0,36.479,1331577000.0,15285000.0,110580000.0,76720000.0,20.857,580548000.0
34,ULTA,MRT,2012-12-31,2013-02-02,2013-02-02,2021-08-25,0.0,1275249000.0,1151316250.0,789324000.0,485925000.0,1.928,12.442,-188578000.0,320475000.0,320475000.0,1436582000.0,172549000.0,3.571,0.621,0.0,0.0,0.0,0.0,0.0,88233000.0,0.0,0.01,1.0,279978000.0,368211000.0,0.166,368211000.0,279978000.0,279793000.0,2.73,2.68,2.73,786942000.0,679633000.0,786942000.0,6028745141.0,22.0,16.373,50423000.0,0.797,1.0,783674000.0,0.353,0.0,185000.0,733707000.0,676471500.0,361125000.0,0.0,0.0,0.0,488307000.0,221067000.0,267240000.0,6220469141.0,66737000.0,0.0,31451000.0,0.0,-62482000.0,16314000.0,-188578000.0,0.0,239001000.0,0.0,172549000.0,172549000.0,172549000.0,0.0,0.0,0.078,503696000.0,279978000.0,118886000.0,0.366,7.905,36.05,35.729,483059000.0,0.0,97.54,2.802,2.779,41515000.0,296861000.0,2220256000.0,2220256000.0,0.0,0.15,0.254,0.414,0.126,-33970000.0,488880000.0,1.0,63773520.0,63250000,64396000.0,35.103,1275249000.0,15757000.0,107244000.0,66415000.0,20.162,568257000.0
35,ULTA,MRT,2012-09-30,2012-10-27,2012-10-27,2021-08-25,0.0,1233246000.0,1071808250.0,766081000.0,467165000.0,1.907,11.137,-174971000.0,191724000.0,191724000.0,1321437000.0,154312000.0,2.78,0.744,0.0,0.0,0.0,0.0,0.0,85138000.0,0.0,0.011,1.0,249459000.0,334597000.0,0.164,334597000.0,249459000.0,249204000.0,2.46,2.4,2.46,707000000.0,629073500.0,707000000.0,5647330970.0,23.0,16.878,45914000.0,0.723,1.0,722495000.0,0.353,0.0,255000.0,765991000.0,627700750.0,462833000.0,0.0,0.0,0.0,526246000.0,275531000.0,250715000.0,5844731970.0,61067000.0,0.0,28520000.0,0.0,-62482000.0,15153000.0,-174971000.0,0.0,220885000.0,0.0,154312000.0,154312000.0,154312000.0,0.0,0.0,0.075,473036000.0,249459000.0,185177000.0,0.407,8.267,37.876,37.565,467165000.0,0.0,92.41,2.86,2.87,36649000.0,232329000.0,2043932000.0,2043932000.0,0.0,0.144,0.245,0.397,0.122,-36012000.0,459152000.0,1.0,63247830.0,63484000,64483000.0,32.196,1233246000.0,24678000.0,94892000.0,48450000.0,19.426,490550000.0
36,ULTA,MRT,2012-06-30,2012-07-28,2012-07-28,2021-08-25,0.0,1038769000.0,996014750.0,617706000.0,421063000.0,1.959,10.142,-147295000.0,197401000.0,197401000.0,1265174000.0,142929000.0,3.647,0.624,0.0,0.0,0.0,0.0,0.0,82145000.0,0.0,0.011,1.0,232380000.0,314525000.0,0.161,314525000.0,232380000.0,231988000.0,2.3,2.23,2.3,639685000.0,583431500.0,639685000.0,5233576068.0,23.0,16.64,48887000.0,0.775,1.0,686185000.0,0.352,0.0,392000.0,671980000.0,582267000.0,316734000.0,0.0,0.0,0.0,399084000.0,169388000.0,229696000.0,5499921068.0,54856000.0,0.0,24813000.0,0.0,-62482000.0,5969000.0,-147295000.0,0.0,196182000.0,0.0,142929000.0,142929000.0,142929000.0,0.0,0.0,0.073,453805000.0,232380000.0,88881000.0,0.435,8.598,38.48,37.991,421063000.0,0.0,87.38,2.819,2.824,32279000.0,194178000.0,1951359000.0,1951359000.0,0.0,0.144,0.245,0.399,0.119,-30883000.0,442215000.0,1.0,62942562.0,63070000,64293000.0,30.94,1038769000.0,24947000.0,89059000.0,43210000.0,16.47,448318000.0
37,ULTA,MRT,2012-03-31,2012-04-28,2012-04-28,2021-08-25,0.0,1058001000.0,940284500.0,673097000.0,384904000.0,1.983,9.359,-133895000.0,266345000.0,266345000.0,1211396000.0,131836000.0,2.614,0.809,0.0,0.0,0.0,0.0,0.0,79406000.0,0.0,0.011,1.0,214581000.0,293987000.0,0.158,293987000.0,214581000.0,214146000.0,2.14,2.07,2.14,584905000.0,543018250.0,584905000.0,5345221671.0,25.0,18.182,95101000.0,1.522,1.0,652847000.0,0.35,0.0,435000.0,534208000.0,543695750.0,332065000.0,0.0,0.0,0.0,473096000.0,257448000.0,215648000.0,5598959671.0,149534000.0,0.0,20720000.0,0.0,0.0,54433000.0,-133895000.0,0.0,228996000.0,0.0,131836000.0,131836000.0,131836000.0,0.0,0.0,0.071,438266000.0,214581000.0,111889000.0,0.467,9.572,42.469,41.879,384904000.0,0.0,89.62,3.003,3.004,22328000.0,159242000.0,1864243000.0,1864243000.0,0.0,0.14,0.243,0.395,0.115,-22023000.0,426986000.0,1.0,62474444.0,62496000,64072000.0,29.83,1058001000.0,12257000.0,82310000.0,49439000.0,16.929,415649000.0
38,ULTA,MRT,2011-12-31,2012-01-28,2012-01-28,2021-08-25,0.0,957217000.0,867236000.0,580232000.0,376985000.0,2.048,9.545,-128636000.0,253738000.0,253738000.0,1159311000.0,120264000.0,3.52,0.637,0.0,0.0,0.0,0.0,0.0,75931000.0,0.0,0.0,0.0,196195000.0,272126000.0,0.153,272126000.0,196195000.0,195608000.0,1.96,1.9,1.96,584704000.0,509133500.0,584704000.0,4654105982.0,24.0,17.103,92251000.0,1.506,1.0,616840000.0,0.347,0.0,587000.0,538624000.0,535393250.0,244647000.0,0.0,0.0,0.0,372513000.0,164855000.0,207658000.0,4784762982.0,142553000.0,0.0,24403000.0,0.0,0.0,50302000.0,-128636000.0,0.0,220887000.0,0.0,120264000.0,120264000.0,120264000.0,0.0,0.0,0.068,420645000.0,196195000.0,86442000.0,0.0,8.183,39.785,39.444,376985000.0,0.0,77.31,2.694,2.666,26153000.0,186794000.0,1776151000.0,1776151000.0,0.0,0.139,0.236,0.366,0.11,-14294000.0,410658000.0,1.0,61890609.0,61259000,63334000.0,28.994,957217000.0,12264000.0,75344000.0,48197000.0,15.626,415377000.0
39,ULTA,MRT,2011-09-30,2011-10-29,2011-10-29,2021-08-25,0.0,930072000.0,810553750.0,556278000.0,373794000.0,2.057,8.534,-120045000.0,130657000.0,130657000.0,1092238000.0,104073000.0,2.585,0.773,0.0,0.0,0.0,0.0,0.0,72863000.0,0.0,0.0,0.0,171952000.0,244815000.0,0.147,244815000.0,171952000.0,171277000.0,1.71,1.66,1.71,524432000.0,463590750.0,524432000.0,4000284765.0,23.0,16.34,63465000.0,1.033,1.0,575061000.0,0.345,0.0,675000.0,584256000.0,514723750.0,354891000.0,0.0,0.0,0.0,405640000.0,215159000.0,190481000.0,4142829765.0,122306000.0,0.0,32383000.0,0.0,0.0,58841000.0,-120045000.0,0.0,183510000.0,0.0,104073000.0,104073000.0,104073000.0,0.0,0.0,0.062,403109000.0,171952000.0,134043000.0,0.0,7.9,39.807,39.491,373794000.0,0.0,67.53,2.485,2.489,21080000.0,140499000.0,1667299000.0,1667299000.0,0.0,0.128,0.224,0.334,0.103,-14479000.0,393582000.0,1.0,61347990.0,61451000,63419000.0,27.132,930072000.0,9427000.0,67204000.0,29458000.0,15.135,341119000.0
40,ULTA,MRT,2011-06-30,2011-07-30,2011-07-30,2021-08-25,0.0,815848000.0,755391250.0,464272000.0,351576000.0,2.109,7.82,-117210000.0,142545000.0,142545000.0,1048627000.0,91508000.0,2.984,0.707,0.0,0.0,0.0,0.0,0.0,69743000.0,0.0,0.0,0.0,152016000.0,221759000.0,0.139,221759000.0,152016000.0,151273000.0,1.51,1.47,1.51,478032000.0,419867500.0,478032000.0,3740457592.0,25.0,16.867,80145000.0,1.311,1.0,544784000.0,0.342,0.0,743000.0,517695000.0,492914250.0,258752000.0,0.0,0.0,0.0,337816000.0,155608000.0,182208000.0,3857268592.0,126629000.0,0.0,26719000.0,0.0,0.0,46484000.0,-117210000.0,0.0,197355000.0,0.0,91508000.0,91508000.0,91508000.0,0.0,0.0,0.057,392768000.0,152016000.0,81380000.0,0.0,8.069,42.152,41.742,351576000.0,0.0,63.03,2.421,2.418,19939000.0,113731000.0,1593411000.0,1593411000.0,0.0,0.121,0.218,0.308,0.095,-7636000.0,382894000.0,1.0,61197344.0,61126000,63241000.0,26.068,815848000.0,8922000.0,59765000.0,29532000.0,13.347,308664000.0
41,ULTA,MRT,2011-03-31,2011-04-30,2011-04-30,2021-08-25,0.0,765807000.0,701260500.0,433660000.0,332147000.0,2.168,7.421,-108957000.0,116811000.0,116811000.0,1006193000.0,80665000.0,2.93,0.704,0.0,0.0,0.0,0.0,0.0,66528000.0,0.0,0.0,0.0,134612000.0,201140000.0,0.132,201140000.0,134612000.0,133802000.0,1.34,1.31,1.34,449366000.0,382337250.0,449366000.0,3115043546.0,23.0,15.487,62206000.0,1.027,1.0,514455000.0,0.338,0.0,810000.0,500998000.0,476805500.0,255547000.0,0.0,0.0,0.0,316441000.0,147998000.0,168443000.0,3226228546.0,108141000.0,0.0,27283000.0,0.0,0.0,45935000.0,-108957000.0,0.0,171163000.0,0.0,80665000.0,80665000.0,80665000.0,0.0,0.0,0.053,379843000.0,134612000.0,81510000.0,0.0,7.18,39.995,39.694,332147000.0,0.0,53.19,2.122,2.118,15634000.0,89826000.0,1520648000.0,1520648000.0,0.0,0.115,0.211,0.282,0.089,-6424000.0,371992000.0,1.0,60654795.0,60554000,62758000.0,25.112,765807000.0,13155000.0,53137000.0,29084000.0,12.647,285662000.0
42,ULTA,MRT,2010-12-31,2011-01-29,2011-01-29,2021-08-25,0.0,730488000.0,651749500.0,404389000.0,326099000.0,2.232,6.827,-97115000.0,111185000.0,111185000.0,970753000.0,71030000.0,2.475,0.815,0.0,0.0,0.0,0.0,0.0,64936000.0,0.0,0.0,0.0,118884000.0,183820000.0,0.126,183820000.0,118884000.0,118129000.0,1.2,1.16,1.2,402533000.0,347630250.0,402533000.0,2175468872.0,18.0,11.835,79428000.0,1.347,1.0,484085000.0,0.333,0.0,755000.0,455946000.0,460773750.0,218516000.0,0.0,0.0,0.0,327955000.0,163357000.0,164598000.0,2183819872.0,107168000.0,0.0,17100000.0,0.0,0.0,27740000.0,-97115000.0,0.0,176543000.0,0.0,71030000.0,71030000.0,71030000.0,0.0,0.0,0.049,365201000.0,118884000.0,87093000.0,0.0,5.425,30.745,30.608,326099000.0,0.0,36.73,1.501,1.489,22292000.0,66530000.0,1454838000.0,1454838000.0,0.0,0.109,0.204,0.258,0.082,515000.0,358106000.0,1.0,59456027.0,58959000,61288000.0,24.675,730488000.0,19606000.0,47099000.0,30026000.0,12.39,241032000.0
43,ULTA,MRT,2010-09-30,2010-10-30,2010-10-30,2021-08-25,0.0,709422000.0,607536250.0,378032000.0,331390000.0,2.267,5.918,-93480000.0,8351000.0,8351000.0,923502000.0,61152000.0,1.853,1.03,0.0,0.0,0.0,0.0,0.0,63098000.0,0.0,0.0,0.0,104152000.0,167250000.0,0.121,167250000.0,104152000.0,103131000.0,1.04,1.02,1.04,349539000.0,320149000.0,349539000.0,1794132538.0,17.0,10.727,34908000.0,0.591,1.0,454041000.0,0.33,0.0,1021000.0,497018000.0,452602500.0,301559000.0,0.0,0.0,0.0,359883000.0,204053000.0,155830000.0,1810048538.0,4556000.0,0.0,6627000.0,-39162000.0,0.0,-30352000.0,-93480000.0,0.0,128388000.0,0.0,61152000.0,61152000.0,61152000.0,0.0,0.0,0.044,349889000.0,104152000.0,120245000.0,0.0,5.178,29.599,29.51,331390000.0,0.0,30.69,1.314,1.316,20386000.0,36426000.0,1377543000.0,1377543000.0,0.0,0.101,0.191,0.23,0.076,6951000.0,342702000.0,1.0,58978447.0,59063000,61057000.0,23.323,709422000.0,14370000.0,41979000.0,20952000.0,12.011,173979000.0
44,ULTA,MRT,2010-06-30,2010-07-31,2010-07-31,2021-08-25,0.0,599325000.0,585488000.0,297992000.0,301333000.0,2.259,5.584,-70933000.0,15916000.0,15916000.0,895601000.0,55409000.0,2.29,0.828,0.0,0.0,0.0,0.0,0.0,62399000.0,0.0,0.0,0.0,94551000.0,156950000.0,0.119,156950000.0,94551000.0,93333000.0,0.95,0.93,0.95,327911000.0,300327750.0,327911000.0,1472167314.0,16.0,9.38,72148000.0,1.229,1.0,426806000.0,0.323,0.0,1218000.0,453260000.0,443585000.0,224329000.0,0.0,0.0,0.0,271414000.0,130149000.0,141265000.0,1480837314.0,12253000.0,0.0,4439000.0,-65451000.0,0.0,-59895000.0,-70933000.0,0.0,143081000.0,0.0,55409000.0,55409000.0,55409000.0,0.0,0.0,0.042,332255000.0,94551000.0,61316000.0,0.0,4.516,26.726,26.589,301333000.0,0.0,25.26,1.12,1.122,11418000.0,22223000.0,1322407000.0,1322407000.0,0.0,0.095,0.184,0.213,0.071,6406000.0,327190000.0,1.0,58623805.0,58727000,60672000.0,22.518,599325000.0,15340000.0,37924000.0,20952000.0,10.205,167843000.0
45,ULTA,MRT,2010-03-31,2010-05-01,2010-05-01,2021-08-25,0.0,567763000.0,572646000.0,281997000.0,285766000.0,2.225,5.326,-63483000.0,8670000.0,8670000.0,872580000.0,48097000.0,2.307,0.828,0.0,0.0,0.0,0.0,0.0,62719000.0,0.0,0.0,0.0,82531000.0,145250000.0,0.114,145250000.0,82531000.0,80882000.0,0.83,0.81,0.83,310538000.0,283114000.0,310538000.0,1343726385.0,16.0,9.251,101204000.0,1.736,1.0,401562000.0,0.315,0.0,1649000.0,436871000.0,452537500.0,228082000.0,0.0,0.0,0.0,257225000.0,122222000.0,135003000.0,1347743385.0,4830000.0,0.0,3007000.0,-100581000.0,0.0,-96374000.0,-63483000.0,0.0,164687000.0,0.0,48097000.0,48097000.0,48097000.0,0.0,0.0,0.038,319031000.0,82531000.0,60693000.0,0.0,4.34,28.021,27.855,285766000.0,0.0,23.12,1.058,1.058,8051000.0,9161000.0,1274142000.0,1274142000.0,0.0,0.084,0.17,0.182,0.065,5189000.0,313749000.0,1.0,58293399.0,58306000,60276000.0,21.853,567763000.0,8060000.0,32785000.0,27692000.0,9.738,159775000.0
46,ULTA,MRT,2009-12-31,2010-01-30,2010-01-30,2021-08-25,0.0,553635000.0,573441000.0,262774000.0,290861000.0,2.132,5.052,-68105000.0,4017000.0,4017000.0,846202000.0,39356000.0,2.08,0.892,0.0,0.0,0.0,0.0,0.0,62166000.0,0.0,0.0,0.0,68153000.0,130319000.0,0.107,130319000.0,68153000.0,65951000.0,0.68,0.66,0.68,292608000.0,268309750.0,292608000.0,1162578993.0,17.0,8.921,104722000.0,1.808,1.0,376569000.0,0.308,0.0,2202000.0,423261000.0,482793000.0,206948000.0,0.0,0.0,0.0,261027000.0,126357000.0,134670000.0,1127211993.0,379000.0,0.0,1228000.0,-106047000.0,0.0,-104343000.0,-68105000.0,0.0,172827000.0,0.0,39356000.0,39356000.0,39356000.0,0.0,0.0,0.032,308416000.0,68153000.0,56387000.0,0.0,3.852,28.641,28.529,290861000.0,0.0,19.4,0.922,0.919,13477000.0,-4500000.0,1222771000.0,1222771000.0,0.0,0.069,0.147,0.141,0.056,5473000.0,302413000.0,1.0,58103711.0,57915000,59237000.0,21.113,553635000.0,8060000.0,26595000.0,31733000.0,9.559,136417000.0
47,ULTA,MRT,2009-09-30,2009-10-31,2009-10-31,2021-08-25,-189000.0,621229000.0,577265250.0,327483000.0,293746000.0,2.023,4.661,-63645000.0,3795000.0,3795000.0,812709000.0,31418000.0,1.674,1.299,39162000.0,14635000.0,24527000.0,39162000.0,0.0,60592000.0,0.0,0.0,0.0,55285000.0,115877000.0,0.099,115877000.0,55285000.0,52640000.0,0.55,0.53,0.55,270254000.0,256399750.0,270254000.0,938552682.0,17.0,8.1,97008000.0,1.673,1.0,355092000.0,0.304,0.0,2645000.0,460948000.0,515559750.0,273978000.0,0.0,0.0,0.0,350975000.0,195648000.0,155327000.0,876764682.0,147000.0,0.0,1087000.0,-98818000.0,0.0,-96861000.0,-63645000.0,0.0,160653000.0,0.0,31418000.0,31418000.0,31418000.0,0.0,0.0,0.027,299807000.0,55285000.0,117520000.0,0.0,3.244,27.906,27.527,293746000.0,0.0,15.14,0.751,0.752,13340000.0,-24726000.0,1167801000.0,1167801000.0,0.0,0.054,0.123,0.107,0.047,4636000.0,292623000.0,1.0,57910481.0,57979000,59376000.0,20.142,621229000.0,7984000.0,21222000.0,23298000.0,10.715,131835000.0
48,ULTA,MRT,2009-06-30,2009-08-01,2009-08-01,2021-08-25,-367000.0,547957000.0,577786000.0,259420000.0,288537000.0,1.971,4.48,-72547000.0,3663000.0,3663000.0,795705000.0,27975000.0,2.15,1.115,65451000.0,23086000.0,42365000.0,65451000.0,0.0,58451000.0,0.0,0.0,0.0,50200000.0,108651000.0,0.095,108651000.0,50200000.0,46872000.0,0.49,0.48,0.49,259056000.0,246613250.0,259056000.0,751386055.0,15.0,6.916,51473000.0,0.89,1.0,342896000.0,0.301,0.0,3328000.0,489070000.0,538311750.0,209152000.0,0.0,0.0,0.0,288901000.0,120675000.0,168226000.0,654645055.0,408000.0,0.0,625000.0,-52705000.0,0.0,-51065000.0,-72547000.0,0.0,124020000.0,0.0,27975000.0,27975000.0,27975000.0,0.0,0.0,0.025,292696000.0,50200000.0,40393000.0,0.0,2.527,23.401,23.122,288537000.0,0.0,11.33,0.575,0.575,13135000.0,-33186000.0,1138601000.0,1138601000.0,0.0,0.048,0.113,0.093,0.044,4025000.0,283002000.0,1.0,57779793.0,57819000,59045000.0,19.693,547957000.0,8097000.0,18897000.0,21462000.0,9.477,138745000.0
49,ULTA,MRT,2009-03-31,2009-05-02,2009-05-02,2021-08-25,-524000.0,570943000.0,574213500.0,284803000.0,286140000.0,1.94,4.352,-92638000.0,3840000.0,3840000.0,776845000.0,25913000.0,2.594,1.272,100581000.0,12534000.0,88047000.0,100581000.0,0.0,54792000.0,0.0,0.0,0.0,47171000.0,101963000.0,0.092,101963000.0,47171000.0,43472000.0,0.45,0.44,0.45,251321000.0,237937000.0,251321000.0,596701817.0,13.0,5.852,1939000.0,0.034,1.0,337328000.0,0.303,0.0,3699000.0,557893000.0,545777500.0,230286000.0,0.0,0.0,0.0,319622000.0,109791000.0,209831000.0,494292817.0,-135000.0,0.0,1129000.0,-3953000.0,0.0,-2074000.0,-92638000.0,0.0,94577000.0,0.0,25913000.0,25913000.0,25913000.0,0.0,0.0,0.023,290157000.0,47171000.0,53500000.0,0.0,1.967,19.075,19.022,286140000.0,0.0,8.56,0.444,0.444,12392000.0,-38936000.0,1114173000.0,1114173000.0,0.0,0.045,0.109,0.086,0.042,3890000.0,278423000.0,1.0,57744488.0,57743000,58750000.0,19.295,570943000.0,14085000.0,17559000.0,17616000.0,9.888,175012000.0
50,ULTA,MRT,2008-12-31,2009-01-31,2009-01-31,2021-08-25,-631000.0,568932000.0,563187500.0,276708000.0,292224000.0,1.926,4.266,-110863000.0,3638000.0,3638000.0,752939000.0,25268000.0,2.365,1.322,106047000.0,18000000.0,88047000.0,106047000.0,0.0,51445000.0,0.0,0.0,0.0,46301000.0,97746000.0,0.09,97746000.0,46301000.0,42358000.0,0.44,0.43,0.44,244968000.0,229830750.0,244968000.0,470554758.0,10.0,4.814,-35660000.0,-0.621,1.0,331707000.0,0.306,0.0,3943000.0,554328000.0,527868500.0,213602000.0,0.0,0.0,0.0,323964000.0,117013000.0,206951000.0,336222758.0,-151000.0,0.0,2458000.0,31277000.0,0.0,35509000.0,-110863000.0,0.0,75203000.0,0.0,25268000.0,25268000.0,25268000.0,0.0,0.0,0.023,285406000.0,46301000.0,47811000.0,0.0,1.373,13.306,13.25,292224000.0,0.0,5.83,0.31,0.309,18268000.0,-43856000.0,1084646000.0,1084646000.0,0.0,0.045,0.11,0.088,0.043,2103000.0,271095000.0,1.0,57671142.0,57425000,58967000.0,18.888,568932000.0,16906000.0,17090000.0,17616000.0,9.907,159695000.0
51,ULTA,MRT,2008-09-30,2008-11-01,2008-11-01,2021-08-25,-513000.0,623312000.0,538307750.0,327112000.0,296200000.0,1.955,4.013,-123826000.0,3648000.0,3648000.0,729032000.0,26584000.0,1.59,1.697,137980000.0,51590000.0,86390000.0,137980000.0,0.0,48525000.0,0.0,0.0,0.0,48837000.0,97362000.0,0.092,97362000.0,48837000.0,44705000.0,0.86,0.65,0.86,231108000.0,221464500.0,231108000.0,622308385.0,13.0,6.392,-44560000.0,-0.774,1.0,323564000.0,0.307,0.0,4132000.0,551956000.0,496408750.0,268928000.0,0.0,0.0,0.0,392204000.0,205688000.0,186516000.0,507407385.0,136000.0,0.0,2177000.0,40980000.0,0.0,44696000.0,-123826000.0,0.0,79266000.0,0.0,26584000.0,26584000.0,26584000.0,0.0,0.0,0.025,274727000.0,48837000.0,97768000.0,0.0,2.196,19.087,10.256,292120000.0,0.0,8.82,0.482,0.483,20488000.0,-56144000.0,1052596000.0,1052596000.0,0.0,0.049,0.12,0.098,0.046,1694000.0,259518000.0,1.0,57529182.0,57591000,59013000.0,18.277,623312000.0,13168000.0,18121000.0,5798000.0,10.823,121424000.0
52,ULTA,MRT,2008-06-30,2008-08-02,2008-08-02,2021-08-25,-476000.0,533667000.0,508242750.0,251209000.0,282458000.0,1.979,3.906,-127049000.0,3255000.0,3255000.0,693820000.0,25773000.0,1.938,1.379,118156000.0,31766000.0,86390000.0,118156000.0,0.0,44754000.0,0.0,0.0,0.0,47207000.0,91961000.0,0.091,91961000.0,47207000.0,42892000.0,0.83,0.61,0.83,224351000.0,213123250.0,224351000.0,643577678.0,14.0,6.998,-59146000.0,-1.03,1.0,312168000.0,0.31,0.0,4315000.0,518933000.0,461650750.0,197028000.0,0.0,0.0,0.0,309316000.0,129635000.0,179681000.0,543018678.0,90000.0,0.0,126011000.0,29330000.0,-93012000.0,59236000.0,-127049000.0,0.0,67903000.0,0.0,25773000.0,22175000.0,22175000.0,0.0,0.0,0.022,264961000.0,47207000.0,40630000.0,0.0,2.42,24.488,11.386,278378000.0,3598000.0,9.45,0.54,0.54,19164000.0,-61161000.0,1005988000.0,1005988000.0,0.0,0.044,0.104,0.102,0.047,1515000.0,249951000.0,1.0,57462294.0,57435000,59012000.0,17.515,533667000.0,13143000.0,17119000.0,4374000.0,9.292,121574000.0
53,ULTA,MRT,2008-03-31,2008-05-03,2008-05-03,2021-08-25,-576000.0,526839000.0,474224500.0,267636000.0,259203000.0,2.019,3.843,-114654000.0,3975000.0,3975000.0,659272000.0,24291000.0,1.896,1.407,104534000.0,18143000.0,86391000.0,104534000.0,0.0,41681000.0,0.0,0.0,0.0,44930000.0,86611000.0,0.09,86611000.0,44930000.0,40469000.0,0.54,0.32,0.54,218896000.0,197287250.0,218896000.0,917367709.0,20.0,10.592,-54994000.0,-0.966,1.0,298054000.0,0.311,0.0,4461000.0,486257000.0,422704750.0,212564000.0,0.0,0.0,0.0,307943000.0,141141000.0,166802000.0,846386709.0,814000.0,0.0,125476000.0,21443000.0,-93012000.0,51714000.0,-110560000.0,4094000.0,59660000.0,0.0,24291000.0,16815000.0,16815000.0,0.0,0.0,0.018,253124000.0,44930000.0,66508000.0,0.0,3.867,50.335,27.5,255123000.0,7476000.0,14.85,0.884,0.883,19533000.0,-64849000.0,957326000.0,957326000.0,0.0,0.035,0.085,0.106,0.047,-73000.0,239250000.0,1.0,56995738.0,56956000,58980000.0,16.808,526839000.0,13209000.0,16178000.0,6872000.0,9.25,126495000.0
54,ULTA,MRT,2007-12-31,2008-02-02,2008-02-02,2021-08-25,-719000.0,469413000.0,436977750.0,228944000.0,240469000.0,2.087,10.376,-101866000.0,3789000.0,3789000.0,628495000.0,25335000.0,2.046,1.219,74770000.0,0.0,74770000.0,74770000.0,0.0,39503000.0,0.0,0.0,0.0,46721000.0,86224000.0,0.095,86224000.0,46721000.0,42179000.0,0.69,0.48,0.69,211503000.0,180903000.0,211503000.0,931450162.0,20.0,10.803,-54960000.0,-2.696,1.0,283646000.0,0.311,0.0,4542000.0,428489000.0,387578500.0,176109000.0,0.0,0.0,0.0,257910000.0,111905000.0,146005000.0,837962162.0,144000.0,0.0,122833000.0,24033000.0,-93012000.0,50637000.0,-97399000.0,4467000.0,46906000.0,0.0,25335000.0,14116000.0,14116000.0,0.0,0.0,0.015,236925000.0,46721000.0,52122000.0,0.0,3.962,59.363,21.377,236389000.0,11219000.0,14.75,0.919,0.33,20643000.0,-69124000.0,912141000.0,912141000.0,0.0,0.032,0.078,0.121,0.051,708000.0,225167000.0,1.0,56810994.0,20383000,53293000.0,44.75,469413000.0,13299000.0,16844000.0,5064000.0,23.03,117039000.0
55,ULTA,MRT,2007-09-30,2007-11-03,2007-11-03,2021-08-25,-285000.0,503052000.0,404273750.0,272394000.0,230658000.0,2.152,19.427,-98733000.0,3512000.0,3512000.0,598864000.0,21393000.0,1.483,1.544,97000000.0,41962000.0,55038000.0,97000000.0,0.0,38174000.0,0.0,0.0,0.0,39052000.0,77226000.0,0.089,77226000.0,39052000.0,34761000.0,1.01,0.11,1.01,197743000.0,165217250.0,197743000.0,1923003712.0,49.0,24.901,-57739000.0,-5.672,1.0,270945000.0,0.311,0.0,4291000.0,412924000.0,355893250.0,219453000.0,0.0,0.0,0.0,305309000.0,183616000.0,121693000.0,1837342712.0,291000.0,0.0,121595000.0,25688000.0,-93012000.0,53563000.0,-94266000.0,4467000.0,40994000.0,0.0,21393000.0,6169000.0,6169000.0,0.0,0.0,0.007,231893000.0,39052000.0,85985000.0,0.0,9.292,297.835,32.099,226533000.0,15224000.0,32.42,2.112,0.379,16089000.0,-82728000.0,869809000.0,869809000.0,0.0,0.015,0.037,0.11,0.045,-2150000.0,221061000.0,1.0,56673125.0,10179000,12476000.0,85.451,503052000.0,9739000.0,13368000.0,0.0,49.421,88778000.0
56,ULTA,MRT,2007-06-30,2007-08-04,2007-08-04,2021-08-25,-76000.0,397594000.0,368512250.0,194787000.0,202807000.0,2.246,21.755,-86850000.0,3165000.0,3165000.0,574040000.0,20804000.0,1.622,1.44,88826000.0,33788000.0,55038000.0,88826000.0,0.0,36598000.0,0.0,,0.0,38121000.0,74719000.0,0.09,74719000.0,38121000.0,34106000.0,0.95,0.06,0.95,161007000.0,150174750.0,161007000.0,,,,-39334000.0,-5.315,1.0,253609000.0,0.306,0.0,4015000.0,363149000.0,326519000.0,148559000.0,0.0,0.0,0.0,231795000.0,120106000.0,111689000.0,,49000.0,0.0,-2383000.0,33754000.0,0.0,34916000.0,-82383000.0,4467000.0,47516000.0,0.0,20804000.0,5570000.0,5570000.0,0.0,0.0,0.007,215488000.0,38121000.0,41010000.0,0.0,,,,196919000.0,15234000.0,,,,14295000.0,-83336000.0,827649000.0,827649000.0,0.0,0.015,0.037,0.117,0.046,-2464000.0,206249000.0,1.0,56673125.0,7401000,7401000.0,111.829,397594000.0,9601000.0,13302000.0,0.0,53.722,74681000.0
57,ULTA,MRT,2007-03-31,2007-05-05,2007-05-05,2021-08-25,-80000.0,377852000.0,,197900000.0,179952000.0,,21.344,,3161000.0,3161000.0,,,1.766,1.433,83091000.0,28053000.0,55038000.0,83091000.0,0.0,,0.0,,0.0,,,,,,,,,,153359000.0,,153359000.0,,,,,,1.0,,,0.0,,345752000.0,,152867000.0,-4094000.0,0.0,-4094000.0,219701000.0,112030000.0,107671000.0,,,,,,,,,,,,,,,,,,,,50922000.0,,,,,174916000.0,,,,,17137000.0,-81665000.0,,,,,,,,,,1.0,,7185000,,,377852000.0,10422000.0,,0.0,52.589,85870000.0
58,ULTA,MRT,2006-12-31,2007-02-03,2007-02-03,2021-08-25,19000.0,338597000.0,310606000.0,172046000.0,166551000.0,2.431,25.777,-62331000.0,3645000.0,3645000.0,519929000.0,22543000.0,2.05,1.244,50737000.0,0.0,50737000.0,50737000.0,0.0,29736000.0,0.0,,0.0,40088000.0,69824000.0,0.092,69824000.0,40088000.0,36774000.0,1.38,0.45,1.38,148760000.0,135887500.0,148760000.0,,,,-6701000.0,-1.161,1.0,235184000.0,0.311,0.0,3314000.0,301748000.0,278963500.0,129237000.0,-4467000.0,0.0,-4467000.0,185045000.0,83941000.0,101104000.0,,806000.0,0.0,-795000.0,5356000.0,0.0,9921000.0,-64745000.0,-2414000.0,55630000.0,0.0,22543000.0,7959000.0,7959000.0,0.0,0.0,0.011,195096000.0,40088000.0,43071000.0,0.0,,,,162080000.0,14584000.0,,,,18476000.0,-83240000.0,755113000.0,755113000.0,0.0,0.026,0.059,0.144,0.053,-4377000.0,188000000.0,1.0,,5771000,49921000.0,130.846,338597000.0,9537000.0,14231000.0,2266000.0,58.672,88105000.0
59,ULTA,MRT,2006-09-30,2006-10-28,2006-10-28,2021-08-25,5000.0,360006000.0,,194725000.0,165281000.0,,20.681,,3221000.0,3221000.0,,,1.468,1.582,71311000.0,33485000.0,37826000.0,71311000.0,0.0,,0.0,,0.0,,,,,,,,,,137573000.0,,137573000.0,,,,,,1.0,,,0.0,,295427000.0,,156788000.0,-4467000.0,0.0,-4467000.0,217641000.0,132669000.0,84972000.0,,,,,,,,,,,,,,,,,,,,60251000.0,,,,,159114000.0,,,,,13905000.0,-88897000.0,,,,,,,,,,1.0,,6652000,,,360006000.0,9160000.0,,0.0,54.12,62056000.0
60,ULTA,MRT,2005-12-31,2006-01-28,2006-01-28,2021-08-25,-49000.0,282615000.0,,145451000.0,137164000.0,,30.048,-41607000.0,2839000.0,2839000.0,404794000.0,15969000.0,2.109,1.258,45381000.0,0.0,45381000.0,45381000.0,0.0,22285000.0,0.0,,0.0,29424000.0,51709000.0,0.089,51709000.0,29424000.0,26473000.0,0.74,0.33,0.74,123015000.0,,123015000.0,,,,-4006000.0,-0.979,1.0,174281000.0,0.301,0.0,2951000.0,256179000.0,,109374000.0,-373000.0,0.0,-373000.0,154808000.0,68978000.0,85830000.0,,-165000.0,0.0,615000.0,2998000.0,0.0,3841000.0,-41607000.0,0.0,37601000.0,0.0,15969000.0,3047000.0,3047000.0,0.0,0.0,0.005,144857000.0,29424000.0,34435000.0,0.0,,,,133003000.0,12922000.0,,,,15757000.0,-91199000.0,579075000.0,579075000.0,0.0,,,,0.051,255000.0,140145000.0,1.0,,4094000,48196000.0,141.445,282615000.0,6501000.0,10504000.0,8047000.0,69.032,76473000.0
61,ULTA,MRT,2004-12-31,2005-01-29,2005-01-29,2021-08-25,,,,,,,,-34807000.0,,,346585000.0,9460000.0,,,,,,,,18304000.0,,,0.0,18496000.0,36800000.0,0.075,36800000.0,18496000.0,15661000.0,-0.7,-0.7,-0.7,,,,,,,-5546000.0,-1.744,1.0,144567000.0,0.294,,2835000.0,,,,,,,,,,,-174000.0,0.0,1801000.0,3571000.0,0.0,5372000.0,-34807000.0,0.0,29261000.0,0.0,9460000.0,-2232000.0,-2232000.0,0.0,0.0,-0.005,126071000.0,18496000.0,,0.0,,,,,11692000.0,,,,,,491152000.0,491152000.0,0.0,,,,0.038,634000.0,121999000.0,1.0,,3180611,3180611.0,154.421,,,6201000.0,,,
