None,ticker,dimension,calendardate,datekey,reportperiod,lastupdated,accoci,assets,assetsavg,assetsc,assetsnc,assetturnover,bvps,capex,cashneq,cashnequsd,cor,consolinc,currentratio,de,debt,debtc,debtnc,debtusd,deferredrev,depamor,deposits,divyield,dps,ebit,ebitda,ebitdamargin,ebitdausd,ebitusd,ebt,eps,epsdil,epsusd,equity,equityavg,equityusd,ev,evebit,evebitda,fcf,fcfps,fxusd,gp,grossmargin,intangibles,intexp,invcap,invcapavg,inventory,investments,investmentsc,investmentsnc,liabilities,liabilitiesc,liabilitiesnc,marketcap,ncf,ncfbus,ncfcommon,ncfdebt,ncfdiv,ncff,ncfi,ncfinv,ncfo,ncfx,netinc,netinccmn,netinccmnusd,netincdis,netincnci,netmargin,opex,opinc,payables,payoutratio,pb,pe,pe1,ppnenet,prefdivis,price,ps,ps1,receivables,retearn,revenue,revenueusd,rnd,roa,roe,roic,ros,sbcomp,sgna,sharefactor,sharesbas,shareswa,shareswadil,sps,tangibles,taxassets,taxexp,taxliabilities,tbvps,workingcapital
0,DVA,MRY,2020-12-31,2020-12-31,2020-12-31,2021-08-03,-66154000.0,16988516000.0,17734144750.0,3148724000.0,13839792000.0,0.651,11.549,-674541000.0,501790000.0,501790000.0,7988613000.0,994677000.0,1.272,10.185,11193971000.0,538038000.0,10655933000.0,11193971000.0,0.0,630435000.0,0.0,0.0,0.0,1391685000.0,2022120000.0,0.175,2022120000.0,1391685000.0,1087574000.0,6.46,6.31,6.46,1383566000.0,1765021000.0,1383566000.0,23437535000.0,17.0,11.591,1304487000.0,10.889,1.0,3561991000.0,0.308,7085694000.0,304111000.0,18118860000.0,18150137500.0,111625000.0,309785000.0,20101000.0,289684000.0,14091736000.0,2476143000.0,11615593000.0,13148800000.0,-706928000.0,-131874000.0,-1459417000.0,-63529000.0,0.0,-1846777000.0,-825371000.0,-18956000.0,1979028000.0,-13808000.0,773642000.0,773642000.0,773642000.0,9653000.0,221035000.0,0.067,1894271000.0,1667720000.0,434253000.0,0.0,9.504,16.996,18.173,6384913000.0,0.0,117.4,1.138,1.218,2368658000.0,852537000.0,11550604000.0,11550604000.0,0.0,0.044,0.438,0.077,0.12,91458000.0,1247584000.0,1.0,112000000.0,119797000.0,122623000.0,96.418,9902822000.0,70163000.0,313932000.0,817368000.0,82.663,672581000.0
1,DVA,MRY,2019-12-31,2019-12-31,2019-12-31,2021-08-03,-47498000.0,17311394000.0,19325032000.0,3690170000.0,13621224000.0,0.589,13.927,-766546000.0,1208718000.0,1208718000.0,7914485000.0,1021294000.0,1.556,6.474,11175946000.0,474620000.0,10701326000.0,11175946000.0,0.0,615152000.0,0.0,0.0,0.0,1534433000.0,2149585000.0,0.189,2149585000.0,1534433000.0,1090609000.0,5.29,5.27,5.29,2133409000.0,3094159250.0,2133409000.0,19566504925.0,13.0,9.102,1305809000.0,8.525,1.0,3473994000.0,0.305,6923319000.0,443824000.0,17983205000.0,18029916750.0,97949000.0,290074000.0,11572000.0,278502000.0,13811776000.0,2372098000.0,11439678000.0,9731390925.0,369485000.0,3776531000.0,-2372434000.0,-1994872000.0,0.0,-4696450000.0,2995340000.0,-14645000.0,2072355000.0,-1760000.0,810981000.0,810981000.0,810981000.0,-105483000.0,210313000.0,0.071,1843356000.0,1630638000.0,403840000.0,0.0,4.561,12.0,14.183,6303431000.0,0.0,75.03,0.854,1.009,2285293000.0,1431738000.0,11388479000.0,11388479000.0,0.0,0.042,0.262,0.085,0.135,67850000.0,1103312000.0,1.0,129699999.0,153181000.0,153812000.0,74.347,10388075000.0,19772000.0,279628000.0,619955000.0,67.816,1318072000.0
2,DVA,MRY,2018-12-31,2018-12-31,2018-12-31,2021-08-03,-34924000.0,19110252000.0,19211494250.0,8424159000.0,10686093000.0,0.594,21.685,-987138000.0,415420000.0,415420000.0,8195513000.0,333040000.0,1.722,3.801,10102216000.0,1929369000.0,8172847000.0,10102216000.0,0.0,591035000.0,0.0,0.0,0.0,905229000.0,1496264000.0,0.131,1496264000.0,905229000.0,417794000.0,0.93,0.92,0.93,3703442000.0,4096988750.0,3703442000.0,18226943000.0,20.0,12.182,784502000.0,4.593,1.0,3209338000.0,0.281,6960806000.0,487435000.0,16945081000.0,17482071500.0,107381000.0,262970000.0,2935000.0,260035000.0,14077213000.0,4891161000.0,9186052000.0,8542360000.0,137293000.0,-32951000.0,-1147934000.0,699804000.0,0.0,-625354000.0,-1005643000.0,14446000.0,1771640000.0,-3350000.0,159394000.0,159394000.0,159394000.0,457038000.0,173646000.0,0.014,1679030000.0,1530308000.0,463270000.0,0.0,2.307,53.593,55.333,3393669000.0,0.0,51.46,0.749,0.771,2328404000.0,2743194000.0,11404851000.0,11404851000.0,0.0,0.008,0.039,0.052,0.079,73061000.0,1135454000.0,1.0,166000000.0,170786000.0,172365000.0,66.779,12149446000.0,68614000.0,258400000.0,562536000.0,71.138,3532998000.0
3,DVA,MRY,2017-12-31,2017-12-31,2017-12-31,2021-08-03,13235000.0,18974536000.0,19179480750.0,8770701000.0,10203835000.0,0.567,24.864,-905250000.0,518920000.0,518920000.0,7640005000.0,830555000.0,2.859,2.788,9336231000.0,178213000.0,9158018000.0,9336231000.0,0.0,777485000.0,0.0,0.0,0.0,1418111000.0,2195596000.0,0.202,2195596000.0,1418111000.0,987477000.0,3.52,3.47,3.52,4690029000.0,4924713250.0,4690029000.0,21495840000.0,15.0,9.79,1007916000.0,5.343,1.0,3236629000.0,0.298,6724106000.0,430634000.0,18000221000.0,14593309250.0,181799000.0,316059000.0,32830000.0,283229000.0,13077110000.0,3067520000.0,10009590000.0,13243425000.0,-217569000.0,-711543000.0,-781697000.0,154848000.0,0.0,-766257000.0,-1364732000.0,252061000.0,1913166000.0,254000.0,663618000.0,663618000.0,663618000.0,245372000.0,166937000.0,0.061,1415234000.0,1821395000.0,509116000.0,0.0,2.824,19.956,20.526,3149213000.0,0.0,72.25,1.218,1.253,2114012000.0,3633713000.0,10876634000.0,10876634000.0,0.0,0.035,0.135,0.097,0.13,35092000.0,1064026000.0,1.0,183300000.0,188625559.0,191348533.0,57.663,12250430000.0,49440000.0,323859000.0,486247000.0,64.946,5703181000.0
4,DVA,MRY,2016-12-31,2016-12-31,2016-12-31,2021-08-03,-89643000.0,18755776000.0,18721814250.0,3994748000.0,14761028000.0,0.572,23.051,-829095000.0,674776000.0,674776000.0,7431582000.0,1033082000.0,1.474,2.782,9104938000.0,160262000.0,8944676000.0,9104938000.0,0.0,720252000.0,0.0,0.0,0.0,1725751000.0,2446003000.0,0.228,2446003000.0,1725751000.0,1311635000.0,4.36,4.29,4.36,4648047000.0,4752443250.0,4648047000.0,20884350000.0,12.0,8.538,1143031000.0,5.669,1.0,3275885000.0,0.306,6088879000.0,414116000.0,18386095000.0,14444767250.0,160419000.0,829017000.0,306981000.0,522036000.0,12932777000.0,2710964000.0,10221813000.0,12673080000.0,-577247000.0,-499131000.0,-1074279000.0,-124630000.0,0.0,-1351981000.0,-1201668000.0,126558000.0,1972126000.0,4276000.0,879874000.0,879874000.0,879874000.0,158262000.0,153208000.0,0.082,1263049000.0,2012836000.0,456619000.0,0.0,2.727,14.403,14.725,2864121000.0,0.0,64.2,1.184,1.209,1792106000.0,3710313000.0,10707467000.0,10707467000.0,0.0,0.047,0.185,0.119,0.161,38338000.0,1072841000.0,1.0,197400000.0,201641173.0,204904656.0,53.102,12666897000.0,0.0,431761000.0,532263000.0,62.819,1283784000.0
5,DVA,MRY,2015-12-31,2015-12-31,2015-12-31,2021-08-03,-59826000.0,18514875000.0,18680796000.0,4503280000.0,14011595000.0,0.534,22.99,-707998000.0,1499116000.0,1499116000.0,6856062000.0,427410000.0,1.877,2.58,9130345000.0,129037000.0,9001308000.0,9130345000.0,0.0,638024000.0,0.0,0.0,0.0,885622000.0,1523646000.0,0.153,1523646000.0,885622000.0,477242000.0,1.27,1.25,1.27,4870780000.0,4994848000.0,4870780000.0,22858104000.0,26.0,15.002,849202000.0,4.008,1.0,3126183000.0,0.313,10981805000.0,408380000.0,12765161000.0,12873042250.0,185575000.0,575574000.0,408084000.0,167490000.0,12566637000.0,2399138000.0,10167499000.0,14708810000.0,533875000.0,-76754000.0,-523780000.0,543026000.0,0.0,-138970000.0,-881784000.0,-97032000.0,1557200000.0,-2571000.0,269732000.0,269732000.0,269732000.0,53467000.0,157678000.0,0.027,2003336000.0,1122847000.0,846052000.0,0.0,3.02,54.531,54.89,2788740000.0,0.0,69.71,1.473,1.48,2160113000.0,4356835000.0,9982245000.0,9982245000.0,0.0,0.014,0.054,0.069,0.089,56664000.0,1031125000.0,1.0,211000000.0,211867714.0,216251807.0,47.115,7533070000.0,60070000.0,207510000.0,726962000.0,35.556,2104142000.0
6,DVA,MRY,2014-12-31,2014-12-31,2014-12-31,2021-08-03,-25017000.0,17617432000.0,17760690250.0,3636170000.0,13981262000.0,0.72,24.355,-641330000.0,965241000.0,965241000.0,9119305000.0,863330000.0,1.741,2.21,8418778000.0,120154000.0,8298624000.0,8418778000.0,0.0,590935000.0,0.0,0.0,0.0,1579751000.0,2170686000.0,0.17,2170686000.0,1579751000.0,1169457000.0,3.41,3.33,3.41,5170513000.0,4897723250.0,5170513000.0,23251924000.0,15.0,10.712,818077000.0,3.853,1.0,3675801000.0,0.287,11280137000.0,410294000.0,11702181000.0,11269497000.0,136084000.0,492425000.0,337399000.0,155026000.0,11427156000.0,2088651000.0,9338505000.0,16276526000.0,18992000.0,-263303000.0,19500000.0,-7979000.0,0.0,-164979000.0,-1277729000.0,-372078000.0,1459407000.0,2293000.0,723114000.0,723114000.0,723114000.0,0.0,140216000.0,0.057,1883894000.0,1791907000.0,759799000.0,0.0,3.148,22.509,22.211,2469099000.0,0.0,75.74,1.272,1.257,1926765000.0,4087103000.0,12795106000.0,12795106000.0,0.0,0.041,0.148,0.14,0.123,70591000.0,1261506000.0,1.0,214900000.0,212301827.0,216927681.0,60.268,6337295000.0,83839000.0,446343000.0,650075000.0,29.85,1547519000.0
7,DVA,MRY,2013-12-31,2013-12-31,2013-12-31,2021-08-03,-2645000.0,17098877000.0,16698795500.0,3472278000.0,13626599000.0,0.704,21.113,-617597000.0,946249000.0,946249000.0,8198377000.0,757201000.0,1.41,2.661,8415928000.0,274697000.0,8141231000.0,8415928000.0,0.0,528119000.0,0.0,0.0,0.0,1444402000.0,1972521000.0,0.168,1972521000.0,1444402000.0,1014459000.0,3.02,2.95,3.02,4432479000.0,4156197000.0,4432479000.0,20949309000.0,15.0,10.621,1155744000.0,5.505,1.0,3565673000.0,0.303,11237347000.0,429943000.0,10869160000.0,10812707000.0,88805000.0,127044000.0,6801000.0,120243000.0,11796036000.0,2462049000.0,9333987000.0,13478799000.0,412501000.0,-248136000.0,16423000.0,-437288000.0,0.0,-482991000.0,-876882000.0,-8758000.0,1773341000.0,-967000.0,633446000.0,633446000.0,633446000.0,-13236000.0,123755000.0,0.054,2107074000.0,1458599000.0,722917000.0,0.0,3.041,21.279,20.983,2189411000.0,0.0,63.37,1.146,1.131,1834253000.0,3363989000.0,11764050000.0,11764050000.0,0.0,0.038,0.152,0.134,0.123,70699000.0,1176485000.0,1.0,212700000.0,209939364.0,214763887.0,56.035,5861530000.0,419756000.0,381013000.0,812419000.0,27.92,1010229000.0
8,DVA,MRY,2012-12-31,2012-12-31,2012-12-31,2021-08-03,-15297000.0,16014633000.0,11312690500.0,2887050000.0,13127583000.0,0.724,19.596,-550146000.0,533748000.0,533748000.0,5583549000.0,641237000.0,1.432,3.06,8559576000.0,233042000.0,8326534000.0,8559576000.0,0.0,343908000.0,0.0,0.0,0.0,1184416000.0,1528324000.0,0.187,1528324000.0,1184416000.0,895862000.0,2.79,2.74,2.79,3763137000.0,2738420000.0,3763137000.0,14632138000.0,12.0,9.574,550702000.0,2.868,1.0,2602731000.0,0.318,11080868000.0,288554000.0,10943168000.0,8142807250.0,78126000.0,101629000.0,7138000.0,94491000.0,11517016000.0,2016425000.0,9500591000.0,10544562000.0,139996000.0,-4294077000.0,6647000.0,3962148000.0,0.0,3872384000.0,-4832450000.0,9044000.0,1100848000.0,-786000.0,536017000.0,536017000.0,536017000.0,222000.0,105220000.0,0.065,1322024000.0,1280707000.0,653107000.0,0.0,2.802,19.672,19.808,1872370000.0,0.0,55.265,1.288,1.296,1689974000.0,3731835000.0,8186280000.0,8186280000.0,0.0,0.047,0.196,0.145,0.145,72312000.0,889879000.0,1.0,190800000.0,192035878.0,195942160.0,42.629,4933765000.0,376492000.0,359845000.0,715657000.0,25.692,870625000.0
9,DVA,MRY,2011-12-31,2011-12-31,2011-12-31,2021-08-03,-19484000.0,8903808000.0,8531534500.0,2293244000.0,6610564000.0,0.789,11.31,-400156000.0,393752000.0,393752000.0,4633620000.0,573395000.0,1.969,2.876,4504969000.0,87345000.0,4417624000.0,4504969000.0,0.0,267315000.0,0.0,0.0,0.0,1044383000.0,1311698000.0,0.195,1311698000.0,1044383000.0,803293000.0,2.53,2.48,2.53,2141075000.0,2023895500.0,2141075000.0,11046994000.0,11.0,8.422,779890000.0,4.12,1.0,2098186000.0,0.312,5106467000.0,241090000.0,6743806000.0,6467567750.0,75731000.0,54614000.0,17399000.0,37215000.0,6157467000.0,1164752000.0,4992715000.0,7088235000.0,-466365000.0,-1077442000.0,-312032000.0,127660000.0,0.0,-247183000.0,-1399228000.0,3187000.0,1180046000.0,0.0,478001000.0,478001000.0,478001000.0,17918000.0,95394000.0,0.071,952249000.0,1145937000.0,289653000.0,0.0,3.311,14.829,14.982,1432651000.0,0.0,37.905,1.053,1.066,1476631000.0,3195818000.0,6731806000.0,6731806000.0,0.0,0.056,0.236,0.161,0.155,66083000.0,684715000.0,1.0,187000000.0,189316054.0,193064220.0,35.559,3797341000.0,280382000.0,325292000.0,460510000.0,20.058,1128492000.0
10,DVA,MRY,2010-12-31,2010-12-31,2010-12-31,2021-08-03,503000.0,8114424000.0,7752732000.0,2622854000.0,5491570000.0,0.802,9.746,-273602000.0,860117000.0,860117000.0,4427862000.0,484219000.0,2.838,2.878,4308742000.0,74892000.0,4233850000.0,4308742000.0,0.0,234378000.0,0.0,0.0,0.0,846164000.0,1080542000.0,0.174,1080542000.0,846164000.0,664557000.0,2.0,1.97,2.0,1978422000.0,2215568500.0,1978422000.0,9582305000.0,11.0,8.868,566081000.0,2.788,1.0,1791748000.0,0.288,4253942000.0,181607000.0,6384762000.0,5525850250.0,76008000.0,57769000.0,23003000.0,34766000.0,5694238000.0,924345000.0,4769893000.0,6754428000.0,320658000.0,-188502000.0,-564736000.0,674756000.0,0.0,-82392000.0,-436633000.0,2744000.0,839683000.0,0.0,405683000.0,405683000.0,405683000.0,-1855000.0,78536000.0,0.065,806939000.0,984809000.0,181033000.0,0.0,3.414,16.65,17.372,1170808000.0,0.0,34.745,1.086,1.134,1353342000.0,2717817000.0,6219610000.0,6219610000.0,0.0,0.052,0.183,0.153,0.136,65974000.0,571825000.0,1.0,194400000.0,203008746.0,206118342.0,30.637,3860482000.0,266390000.0,258874000.0,421436000.0,19.016,1698509000.0
11,DVA,MRY,2009-12-31,2009-12-31,2009-12-31,2021-08-03,-5548000.0,7558236000.0,7443097250.0,2302521000.0,5255715000.0,0.82,10.304,-274605000.0,539459000.0,539459000.0,4242147000.0,479759000.0,2.199,2.357,3632224000.0,100007000.0,3532217000.0,3632224000.0,0.0,228986000.0,0.0,0.0,0.0,886652000.0,1115638000.0,0.183,1115638000.0,886652000.0,700897000.0,2.04,2.03,2.04,2135066000.0,2019467250.0,2135066000.0,9078078000.0,10.0,8.137,392105000.0,1.892,1.0,1858501000.0,0.305,4087928000.0,185755000.0,5516132000.0,5441983000.0,70041000.0,56722000.0,26475000.0,30247000.0,5032352000.0,1046941000.0,3985411000.0,6003228000.0,128578000.0,-87617000.0,-85587000.0,-61232000.0,0.0,-192072000.0,-346060000.0,8465000.0,666710000.0,0.0,422684000.0,422684000.0,422684000.0,-393000.0,57075000.0,0.069,921315000.0,937186000.0,176657000.0,0.0,2.812,14.203,14.397,1104925000.0,0.0,29.37,0.984,0.998,1369359000.0,2312134000.0,6100648000.0,6100648000.0,0.0,0.057,0.209,0.163,0.145,55713000.0,531531000.0,1.0,204400000.0,207207770.0,208335370.0,29.442,3470308000.0,256953000.0,278213000.0,357919000.0,16.748,1255580000.0
12,DVA,MRY,2008-12-31,2008-12-31,2008-12-31,2021-08-03,-14339000.0,7286083000.0,7124492000.0,2128296000.0,5157787000.0,0.794,8.406,-317962000.0,410881000.0,410881000.0,3920487000.0,421320000.0,1.83,2.923,3695146000.0,72725000.0,3622421000.0,3695146000.0,0.0,216917000.0,0.0,0.0,0.0,834347000.0,1051264000.0,0.186,1051264000.0,834347000.0,609631000.0,1.78,1.765,1.78,1767747000.0,1813157750.0,1767747000.0,8464956000.0,10.0,8.052,295739000.0,1.406,1.0,1739686000.0,0.307,4037452000.0,224716000.0,5369833000.0,5297761250.0,84174000.0,60462000.0,35532000.0,24930000.0,5167787000.0,1163063000.0,4004724000.0,5145366000.0,-36165000.0,-101959000.0,-192468000.0,-13551000.0,0.0,-252127000.0,-397739000.0,21652000.0,613701000.0,0.0,374160000.0,374160000.0,374160000.0,0.0,47160000.0,0.066,871386000.0,868300000.0,282883000.0,0.0,2.911,13.752,13.924,1048075000.0,0.0,24.785,0.909,0.921,1314622000.0,1889450000.0,5660173000.0,5660173000.0,0.0,0.053,0.206,0.157,0.147,47210000.0,508240000.0,1.0,207600000.0,210298896.0,211879450.0,26.915,3248631000.0,249326000.0,235471000.0,244884000.0,15.448,965233000.0
13,DVA,MRY,2007-12-31,2007-12-31,2007-12-31,2021-08-03,-2511000.0,6943960000.0,6733693500.0,1976250000.0,4967710000.0,0.782,8.179,-272212000.0,447046000.0,447046000.0,3590344000.0,428643000.0,1.819,3.009,3707318000.0,23431000.0,3683887000.0,3707318000.0,0.0,193470000.0,0.0,0.0,0.0,884506000.0,1077976000.0,0.205,1077976000.0,884506000.0,627359000.0,1.805,1.775,1.805,1732250000.0,1553578750.0,1732250000.0,9326542000.0,11.0,8.652,308853000.0,1.458,1.0,1673807000.0,0.318,3950975000.0,257147000.0,5166761000.0,5099341750.0,80173000.0,82286000.0,40278000.0,42008000.0,5211710000.0,1086496000.0,4125214000.0,6012545000.0,136844000.0,-127094000.0,56552000.0,-47302000.0,0.0,2522000.0,-446743000.0,-57435000.0,581065000.0,0.0,381778000.0,381778000.0,381778000.0,0.0,46865000.0,0.073,821388000.0,852419000.0,225461000.0,0.0,3.471,15.749,15.609,939326000.0,0.0,28.175,1.142,1.134,1126693000.0,1515290000.0,5264151000.0,5264151000.0,0.0,0.057,0.246,0.173,0.168,41396000.0,491236000.0,1.0,213400000.0,211786104.0,214836480.0,24.856,2992985000.0,247578000.0,245581000.0,182547000.0,14.132,889754000.0
14,DVA,MRY,2006-12-31,2006-12-31,2006-12-31,2021-08-03,12997000.0,6491816000.0,6341702750.0,1709496000.0,4782320000.0,0.77,6.018,-262708000.0,310202000.0,310202000.0,3390351000.0,289691000.0,1.537,4.21,3751251000.0,20871000.0,3730380000.0,3751251000.0,0.0,173295000.0,0.0,0.0,0.0,752827000.0,926122000.0,0.19,926122000.0,752827000.0,476121000.0,1.4,1.37,1.4,1245924000.0,1099528000.0,1245924000.0,9479993000.0,13.0,10.236,256863000.0,1.241,1.0,1490311000.0,0.305,3871574000.0,276706000.0,4949119000.0,5091268750.0,89119000.0,19721000.0,4734000.0,14987000.0,5245892000.0,1112172000.0,4133720000.0,5915520000.0,-121609000.0,-64325000.0,40593000.0,-406959000.0,0.0,-329117000.0,-312063000.0,20567000.0,519571000.0,0.0,289691000.0,289691000.0,289691000.0,-362000.0,0.0,0.059,753014000.0,737297000.0,251686000.0,0.0,4.748,20.42,20.314,849966000.0,0.0,28.44,1.212,1.206,1081227000.0,1129621000.0,4880662000.0,4880662000.0,0.0,0.046,0.263,0.148,0.154,29513000.0,453516000.0,1.0,208000000.0,207040508.0,211586492.0,23.573,2620242000.0,199090000.0,186430000.0,150272000.0,12.656,597324000.0
15,DVA,MRY,2005-12-31,2005-12-31,2005-12-31,2021-08-03,14806000.0,6279762000.0,3637400500.0,1654408000.0,4625354000.0,0.818,4.221,-161365000.0,431811000.0,431811000.0,2035243000.0,228643000.0,1.672,6.383,4157202000.0,71767000.0,4085435000.0,4157202000.0,0.0,119719000.0,0.0,0.0,0.0,491904000.0,611623000.0,0.206,611623000.0,491904000.0,352318000.0,1.135,1.1,1.135,850609000.0,732096250.0,850609000.0,6177906000.0,13.0,10.101,324189000.0,1.609,1.0,938675000.0,0.316,3830327000.0,139586000.0,5185093000.0,2831532500.0,69130000.0,3181000.0,0.0,3181000.0,5429153000.0,989733000.0,4439420000.0,5150088000.0,179832000.0,-2903555000.0,43919000.0,2773606000.0,0.0,2739641000.0,-3045363000.0,20308000.0,485554000.0,0.0,228643000.0,228643000.0,228643000.0,-21221000.0,0.0,0.077,451215000.0,487460000.0,212049000.0,0.0,6.055,22.525,22.308,750078000.0,0.0,25.32,1.732,1.716,970180000.0,839930000.0,2973918000.0,2973918000.0,0.0,0.063,0.312,0.174,0.165,41837000.0,272463000.0,1.0,203400000.0,201524000.0,208136000.0,14.757,2449435000.0,144824000.0,123675000.0,167458000.0,12.155,664675000.0
16,DVA,MRY,2004-12-31,2004-12-31,2004-12-31,2021-08-03,1730000.0,2511959000.0,2282394500.0,868720000.0,1643239000.0,0.954,2.649,-128328000.0,251979000.0,251979000.0,1470175000.0,222254000.0,1.967,3.802,1375832000.0,53364000.0,1322468000.0,1375832000.0,0.0,86666000.0,0.0,0.0,0.0,402997000.0,489663000.0,0.225,489663000.0,402997000.0,350586000.0,1.125,1.08,1.125,523134000.0,459376000.0,523134000.0,5019150000.0,12.0,10.25,291617000.0,1.477,1.0,707155000.0,0.325,1216945000.0,52411000.0,1977132000.0,1820867500.0,31843000.0,3332000.0,0.0,3332000.0,1988825000.0,441735000.0,1547090000.0,3858128000.0,190322000.0,-250698000.0,-53108000.0,207299000.0,0.0,150038000.0,-379661000.0,0.0,419945000.0,0.0,222254000.0,222254000.0,222254000.0,-17746000.0,0.0,0.102,313780000.0,393375000.0,96231000.0,0.0,7.375,17.359,17.569,412064000.0,0.0,19.765,1.772,1.792,500514000.0,611287000.0,2177330000.0,2177330000.0,0.0,0.097,0.484,0.221,0.185,42770000.0,192082000.0,1.0,195200000.0,197454000.0,205722000.0,11.027,1295014000.0,78593000.0,128332000.0,149866000.0,6.559,426985000.0
17,DVA,MRY,2003-12-31,2003-12-31,2003-12-31,2021-08-03,-924000.0,1945530000.0,2003115000.0,605058000.0,1340472000.0,0.958,1.626,-100272000.0,61657000.0,61657000.0,1287652000.0,175791000.0,1.668,5.34,1167559000.0,50557000.0,1117002000.0,1167559000.0,0.0,74687000.0,0.0,0.0,0.0,347785000.0,422472000.0,0.22,422472000.0,347785000.0,280964000.0,0.93,0.83,0.93,306871000.0,206947500.0,306871000.0,3535063000.0,10.0,8.368,193376000.0,1.025,1.0,631626000.0,0.329,984159000.0,66821000.0,1704453000.0,1798511000.0,32853000.0,3095000.0,0.0,3095000.0,1638659000.0,362820000.0,1275839000.0,2484300000.0,-34818000.0,-92914000.0,-107162000.0,-46191000.0,0.0,-134490000.0,-193976000.0,0.0,293648000.0,0.0,175791000.0,175791000.0,175791000.0,-11313000.0,0.0,0.092,265035000.0,366591000.0,71868000.0,0.0,8.096,14.132,13.978,342447000.0,0.0,13.0,1.294,1.278,387933000.0,389083000.0,1919278000.0,1919278000.0,0.0,0.088,0.849,0.193,0.181,20180000.0,159628000.0,1.0,191100000.0,188692000.0,227520000.0,10.171,961371000.0,59740000.0,105173000.0,133072000.0,5.095,242238000.0
18,DVA,MRY,2002-12-31,2002-12-31,2002-12-31,2021-08-03,0.0,1775693000.0,1748287250.0,544526000.0,1231167000.0,1.061,0.326,-102712000.0,96475000.0,96475000.0,1217685000.0,157329000.0,1.861,24.272,1319230000.0,7978000.0,1311252000.0,1319230000.0,0.0,64665000.0,0.0,0.0,0.0,338893000.0,403558000.0,0.218,403558000.0,338893000.0,267257000.0,0.73,0.65,0.73,70264000.0,182357000.0,70264000.0,2699187000.0,8.0,6.688,239283000.0,1.11,1.0,636947000.0,0.343,927945000.0,71636000.0,1777902000.0,1613960250.0,34929000.0,3227000.0,0.0,3227000.0,1705429000.0,292601000.0,1412828000.0,1492535000.0,59764000.0,-13447000.0,-642171000.0,457996000.0,0.0,-165730000.0,-116501000.0,0.0,341995000.0,0.0,157329000.0,157329000.0,157329000.0,0.0,0.0,0.085,245615000.0,391332000.0,77890000.0,0.0,21.242,9.487,11.265,298475000.0,0.0,8.223,0.805,0.955,344292000.0,213337000.0,1854632000.0,1854632000.0,0.0,0.09,0.863,0.21,0.183,22212000.0,154073000.0,1.0,181500000.0,215494000.0,271440000.0,8.606,847748000.0,40163000.0,109928000.0,75839000.0,3.934,251925000.0
19,DVA,MRY,2001-12-31,2001-12-31,2001-12-31,2021-08-03,0.0,1662683000.0,1656384000.0,474664000.0,1188019000.0,0.997,2.004,-51233000.0,36711000.0,36711000.0,1100652000.0,137315000.0,1.589,2.301,820224000.0,9034000.0,811190000.0,820224000.0,0.0,105209000.0,0.0,0.0,0.0,315005000.0,420214000.0,0.255,420214000.0,315005000.0,242567000.0,0.547,0.507,0.547,503637000.0,449267250.0,503637000.0,2843613364.0,9.0,6.767,213558000.0,0.85,1.0,550101000.0,0.333,928868000.0,72438000.0,1218647000.0,1254749750.0,34901000.0,4346000.0,0.0,4346000.0,1159046000.0,298681000.0,860365000.0,2068459364.0,5504000.0,-41722000.0,-800000.0,-156236000.0,0.0,-166321000.0,-92966000.0,0.0,264791000.0,0.0,137315000.0,137315000.0,137315000.0,0.0,0.0,0.083,232109000.0,317992000.0,74630000.0,0.0,4.107,15.064,14.899,252778000.0,0.0,8.15,1.253,1.241,333546000.0,56008000.0,1650753000.0,1650753000.0,0.0,0.083,0.306,0.251,0.191,17754000.0,129194000.0,1.0,253798695.0,251304000.0,310362000.0,6.569,733815000.0,60142000.0,105252000.0,38468000.0,2.92,175983000.0
20,DVA,MRY,2000-12-31,2000-12-31,2000-12-31,2021-08-03,0.0,1596632000.0,1785762500.0,397875000.0,1198757000.0,0.832,1.427,-41088000.0,31207000.0,31207000.0,1032153000.0,13485000.0,1.595,3.57,975682000.0,1676000.0,974006000.0,975682000.0,0.0,111605000.0,0.0,0.0,0.0,158082000.0,269687000.0,0.181,269687000.0,158082000.0,41445000.0,0.057,0.053,0.057,349368000.0,332826750.0,349368000.0,2445112838.0,15.0,9.066,259996000.0,1.062,1.0,454149000.0,0.306,921623000.0,116637000.0,1369957000.0,1289501500.0,20641000.0,34194000.0,0.0,34194000.0,1247264000.0,249527000.0,997737000.0,1401144838.0,-76774000.0,134785000.0,2658000.0,-477036000.0,0.0,-471213000.0,93355000.0,0.0,301084000.0,0.0,13485000.0,13485000.0,13485000.0,0.0,0.0,0.009,279434000.0,174715000.0,74882000.0,0.0,4.011,103.904,100.175,236659000.0,0.0,5.71,0.943,0.94,290412000.0,-81307000.0,1486302000.0,1486302000.0,0.0,0.008,0.041,0.123,0.106,2908000.0,123624000.0,1.0,245384385.0,244743000.0,249471000.0,6.073,675009000.0,49624000.0,27960000.0,0.0,2.758,148348000.0
21,DVA,MRY,1999-12-31,1999-12-31,1999-12-31,2021-08-03,-4718000.0,2056718000.0,2098949500.0,654748000.0,1401970000.0,0.689,1.341,-106657000.0,107981000.0,107981000.0,993239000.0,-147256000.0,0.385,5.301,1457891000.0,1452195000.0,5696000.0,1457891000.0,0.0,112481000.0,0.0,0.0,0.0,-71029000.0,41452000.0,0.029,41452000.0,-71029000.0,-181826000.0,-0.603,-0.603,-0.603,326404000.0,443644250.0,326404000.0,1930280360.0,-27.0,46.567,64849000.0,0.266,1.0,452112000.0,0.313,1069672000.0,110797000.0,638412000.0,1408611500.0,32916000.0,35552000.0,0.0,35552000.0,1730314000.0,1698544000.0,31770000.0,543153360.0,66494000.0,-179606000.0,2234000.0,201517000.0,0.0,191153000.0,-291447000.0,0.0,171506000.0,-4718000.0,-147256000.0,-147256000.0,-147256000.0,0.0,0.0,-0.102,516094000.0,-63982000.0,121561000.0,0.0,1.664,-3.688,-3.698,285449000.0,0.0,2.23,0.376,0.376,390329000.0,-94792000.0,1445351000.0,1445351000.0,0.0,-0.07,-0.332,-0.05,-0.049,2280000.0,130555000.0,1.0,243566529.0,243456000.0,243456000.0,5.937,987046000.0,97993000.0,-34570000.0,0.0,4.054,-1043796000.0
22,DVA,MRY,1998-12-31,1998-12-31,1998-12-31,2021-08-03,0.0,1911619000.0,1682430250.0,566514000.0,1345105000.0,0.715,1.971,-82820000.0,41487000.0,41487000.0,779740000.0,-9448000.0,3.175,3.034,1247628000.0,21847000.0,1225781000.0,1247628000.0,0.0,90353000.0,0.0,0.0,0.0,113004000.0,203357000.0,0.169,203357000.0,113004000.0,29001000.0,-0.04,-0.04,-0.04,473864000.0,437659750.0,473864000.0,3510249074.0,31.0,17.262,-70902000.0,-0.295,1.0,423998000.0,0.352,1073500000.0,84003000.0,1865810000.0,1645327500.0,23470000.0,31360000.0,0.0,31360000.0,1437755000.0,178450000.0,1259305000.0,2392926074.0,34787000.0,-354949000.0,24157000.0,472295000.0,0.0,475193000.0,-452324000.0,0.0,11918000.0,0.0,-9448000.0,-9448000.0,-9448000.0,0.0,0.0,-0.008,289085000.0,134913000.0,45710000.0,0.0,5.05,-253.273,-246.333,233337000.0,0.0,9.853,1.988,1.968,416822000.0,52464000.0,1203738000.0,1203738000.0,0.0,-0.006,-0.022,0.069,0.094,33912000.0,75686000.0,1.0,242854473.0,240429000.0,245103000.0,5.007,838119000.0,39014000.0,38449000.0,14895000.0,3.486,388064000.0
23,DVA,MRY,1997-12-31,1997-12-31,1997-12-31,2021-08-03,0.0,1279261000.0,972241000.0,308248000.0,971013000.0,0.78,1.816,-61592000.0,6700000.0,6700000.0,514372000.0,45524000.0,3.009,2.028,759002000.0,27810000.0,731192000.0,759002000.0,0.0,53611000.0,0.0,0.0,0.0,110260000.0,163871000.0,0.216,163871000.0,110260000.0,81178000.0,0.197,0.19,0.197,422446000.0,390772500.0,422446000.0,,,,-30664000.0,-0.132,1.0,244031000.0,0.322,769269000.0,29082000.0,1159844000.0,836403000.0,15766000.0,14104000.0,0.0,14104000.0,856815000.0,102450000.0,754365000.0,2212741328.0,-14627000.0,-429325000.0,3827000.0,509511000.0,0.0,484301000.0,-529856000.0,0.0,30928000.0,0.0,45524000.0,45524000.0,45524000.0,0.0,0.0,0.06,132444000.0,111587000.0,33283000.0,0.0,5.238,48.606,46.531,172838000.0,0.0,9.167,2.918,2.811,248942000.0,61912000.0,758403000.0,758403000.0,0.0,0.047,0.116,0.132,0.145,8994000.0,49934000.0,1.0,241389963.0,232572000.0,239925000.0,3.261,509992000.0,15725000.0,35654000.0,2500000.0,2.193,205798000.0
24,DVA,MRY,1996-12-31,1996-12-31,1996-12-31,2021-08-03,0.0,665221000.0,,252203000.0,413018000.0,,1.617,-50927000.0,21327000.0,21327000.0,345537000.0,24832000.0,3.751,0.852,247559000.0,14433000.0,233126000.0,247559000.0,0.0,32423000.0,0.0,0.0,0.0,60280000.0,92703000.0,0.187,92703000.0,60280000.0,46863000.0,0.11,0.107,0.11,359099000.0,,359099000.0,,,,-20415000.0,-0.092,1.0,151114000.0,0.304,311263000.0,13417000.0,512962000.0,,10433000.0,43121000.0,41202000.0,1919000.0,306122000.0,67228000.0,238894000.0,,-17085000.0,-179048000.0,131517000.0,95534000.0,-659000.0,224120000.0,-271717000.0,-41742000.0,30512000.0,0.0,24832000.0,24832000.0,24832000.0,0.0,0.0,0.05,83414000.0,67700000.0,23841000.0,0.0,,,65.909,97844000.0,0.0,7.25,,3.243,156554000.0,18263000.0,496651000.0,496651000.0,0.0,,,,0.121,2391000.0,32446000.0,1.0,,222126000.0,231675000.0,2.236,353958000.0,5383000.0,22031000.0,61000.0,1.594,184975000.0
25,DVA,MRY,1995-12-31,1995-05-31,1995-05-31,2021-08-03,,,,,,,,-10446000.0,,,146560000.0,14903000.0,,,,,,,,12343000.0,,,0.0,31381000.0,43724000.0,0.204,43724000.0,31381000.0,22730000.0,0.11,0.11,0.11,,,,,,,8859000.0,0.065,1.0,67865000.0,0.316,,8651000.0,,,,,,,,,,,0.0,-72799000.0,62159000.0,80219000.0,-1473000.0,66571000.0,-83156000.0,89000.0,19305000.0,0.0,14903000.0,14903000.0,14903000.0,0.0,0.0,0.07,35691000.0,32174000.0,,0.0,,,,,0.0,,,,,,214425000.0,214425000.0,0.0,,,,0.146,0.0,17856000.0,1.0,,135903000.0,142518000.0,1.578,,,7827000.0,,,
26,DVA,MRY,1994-12-31,1994-05-31,1994-05-31,2021-08-03,,,,,,,,-5618000.0,,,83370000.0,8537000.0,,,,,,,,7098000.0,,,0.0,17768000.0,24866000.0,0.204,24866000.0,17768000.0,13296000.0,0.067,0.067,0.067,,,,,,,4180000.0,0.033,1.0,38695000.0,0.317,,4472000.0,,,,,,,,,,,0.0,-29532000.0,11122000.0,81066000.0,-1023000.0,18441000.0,-22784000.0,12366000.0,9798000.0,0.0,8537000.0,8537000.0,8537000.0,0.0,0.0,0.07,20683000.0,18012000.0,,0.0,,,,,0.0,,,,,,122065000.0,122065000.0,0.0,,,,0.146,0.0,10099000.0,1.0,,128046000.0,134637000.0,0.953,,,4759000.0,,,
0,DVA,MRQ,2021-06-30,2021-06-30,2021-06-30,2021-08-03,-65899000.0,17810311000.0,,3978586000.0,13831725000.0,,12.013,-149525000.0,1206478000.0,1206478000.0,1965277000.0,351031000.0,1.667,11.677,12092363000.0,566777000.0,11525586000.0,12092363000.0,0.0,169689000.0,0.0,0.0,0.0,448453000.0,618142000.0,0.212,618142000.0,448453000.0,375129000.0,2.76,2.64,2.76,1277780000.0,,1277780000.0,23838630000.0,17.0,11.365,530207000.0,4.985,1.0,951233000.0,0.326,7106149000.0,73324000.0,19204007000.0,,115369000.0,315867000.0,36701000.0,279166000.0,14921274000.0,2386040000.0,12535234000.0,12789666000.0,145438000.0,-6785000.0,-285338000.0,-51992000.0,0.0,-381730000.0,-159333000.0,-3023000.0,679732000.0,6769000.0,293820000.0,293820000.0,293820000.0,0.0,57211000.0,0.101,467780000.0,483453000.0,376264000.0,0.0,10.009,14.809,15.4,6350920000.0,0.0,120.43,1.106,1.108,2488896000.0,1383760000.0,2916510000.0,2916510000.0,0.0,,,,,28122000.0,298091000.0,1.0,106200000.0,106364000.0,111423000.0,27.42,10704162000.0,61782000.0,81309000.0,863817000.0,100.637,1592546000.0
1,DVA,MRQ,2021-03-31,2021-03-31,2021-03-31,2021-08-03,-122783000.0,17647268000.0,,3866681000.0,13780587000.0,,11.449,-144913000.0,1061040000.0,1061040000.0,1938330000.0,291545000.0,1.67,11.91,12110004000.0,540928000.0,11569076000.0,12110004000.0,0.0,165701000.0,0.0,0.0,0.0,389628000.0,555329000.0,0.197,555329000.0,389628000.0,322614000.0,2.18,2.09,2.18,1248106000.0,,1248106000.0,22482219000.0,17.0,11.224,9391000.0,0.086,1.0,881671000.0,0.313,7041915000.0,67014000.0,19339593000.0,,116322000.0,300464000.0,11060000.0,289404000.0,14864893000.0,2314724000.0,12550169000.0,11790038000.0,559250000.0,12669000.0,-318774000.0,908671000.0,0.0,537278000.0,-124366000.0,7878000.0,154304000.0,-7966000.0,237403000.0,237403000.0,237403000.0,0.0,54142000.0,0.084,447127000.0,434544000.0,348105000.0,0.0,9.446,15.283,16.061,6358734000.0,0.0,107.77,1.023,1.019,2576334000.0,1089940000.0,2820001000.0,2820001000.0,0.0,,,,,23595000.0,281426000.0,1.0,109400000.0,109014000.0,113852000.0,25.868,10605353000.0,28160000.0,85211000.0,858679000.0,97.284,1551957000.0
2,DVA,MRQ,2020-12-31,2020-12-31,2020-12-31,2021-08-03,-66154000.0,16988516000.0,,3148724000.0,13839792000.0,,12.415,-224645000.0,501790000.0,501790000.0,2056881000.0,234370000.0,1.272,10.185,11193971000.0,538038000.0,10655933000.0,11193971000.0,0.0,161486000.0,0.0,0.0,0.0,307610000.0,469096000.0,0.161,469096000.0,307610000.0,247141000.0,1.57,1.51,1.57,1383566000.0,,1383566000.0,23437535000.0,17.0,11.591,260153000.0,2.334,1.0,848441000.0,0.292,7085694000.0,60469000.0,18118860000.0,,111625000.0,309785000.0,20101000.0,289684000.0,14091736000.0,2476143000.0,11615593000.0,13148800000.0,-315547000.0,-102616000.0,-437377000.0,37398000.0,0.0,-465079000.0,-338064000.0,-10803000.0,484798000.0,2798000.0,173773000.0,173773000.0,173773000.0,19633000.0,60597000.0,0.06,466005000.0,382436000.0,434253000.0,0.0,9.504,16.996,18.173,6384913000.0,0.0,117.4,1.138,1.218,2368658000.0,852537000.0,2905322000.0,2905322000.0,0.0,,,,,24241000.0,304519000.0,1.0,112000000.0,111441703.0,115709860.0,26.07,9902822000.0,70163000.0,73368000.0,817368000.0,88.861,672581000.0
3,DVA,MRQ,2020-09-30,2020-09-30,2020-09-30,2021-08-03,-122530000.0,17046672000.0,,3429675000.0,13616997000.0,,13.025,-158229000.0,817337000.0,817337000.0,1971719000.0,217540000.0,1.372,8.884,11106072000.0,528977000.0,10577095000.0,11106072000.0,0.0,156894000.0,0.0,0.0,0.0,298124000.0,455018000.0,0.156,455018000.0,298124000.0,224466000.0,1.31,1.28,1.31,1574757000.0,,1574757000.0,20284789000.0,13.0,9.523,324498000.0,2.684,1.0,952347000.0,0.326,6986455000.0,73658000.0,17849711000.0,,106254000.0,301710000.0,19360000.0,282350000.0,13989398000.0,2499241000.0,11490157000.0,10449300000.0,-2218382000.0,-55606000.0,-698136000.0,-1789532000.0,0.0,-2621271000.0,-80168000.0,133667000.0,482727000.0,330000.0,158674000.0,158674000.0,158674000.0,0.0,58866000.0,0.054,520174000.0,432173000.0,388504000.0,0.0,6.635,12.37,12.86,6252082000.0,0.0,85.65,0.905,0.897,2352771000.0,2031607000.0,2924066000.0,2924066000.0,0.0,,,,,25092000.0,363280000.0,1.0,122000000.0,120905038.0,123953879.0,24.185,10060217000.0,75441000.0,65792000.0,765691000.0,83.208,930434000.0
4,DVA,MRQ,2020-06-30,2020-06-30,2020-06-30,2021-08-03,-135107000.0,19305091000.0,,5779830000.0,13525261000.0,,17.644,-136725000.0,3035719000.0,3035719000.0,1984564000.0,254872000.0,1.352,7.303,12871208000.0,2266965000.0,10604243000.0,12871208000.0,0.0,157376000.0,0.0,0.0,0.0,366195000.0,523571000.0,0.182,523571000.0,366195000.0,284814000.0,1.65,1.62,1.65,2153915000.0,,2153915000.0,19829621000.0,13.0,9.318,514397000.0,4.214,1.0,895415000.0,0.311,6903985000.0,81381000.0,17962032000.0,,97902000.0,437944000.0,154115000.0,283829000.0,15729337000.0,4274563000.0,11454774000.0,9639252000.0,1547231000.0,28937000.0,-4503000.0,1222418000.0,0.0,1142581000.0,-244514000.0,-136726000.0,651122000.0,-1958000.0,201602000.0,201602000.0,201602000.0,0.0,53270000.0,0.07,489837000.0,405578000.0,357283000.0,0.0,4.475,11.623,12.562,6244538000.0,0.0,79.14,0.836,0.838,2386865000.0,1872933000.0,2879979000.0,2879979000.0,0.0,,,,,22255000.0,316209000.0,1.0,121800000.0,122074000.0,124068000.0,23.592,12401106000.0,41963000.0,83212000.0,768006000.0,101.587,1505267000.0
5,DVA,MRQ,2020-03-31,2020-03-31,2020-03-31,2021-08-03,-140525000.0,17596300000.0,,4023939000.0,13572361000.0,,15.595,-154942000.0,1488488000.0,1488488000.0,1975449000.0,287895000.0,1.812,7.308,11678857000.0,502351000.0,11176506000.0,11678857000.0,0.0,154679000.0,0.0,0.0,0.0,419756000.0,574435000.0,0.202,574435000.0,419756000.0,331153000.0,1.92,1.89,1.92,1947846000.0,,1947846000.0,19520364000.0,12.0,8.722,205439000.0,1.645,1.0,865788000.0,0.305,6895976000.0,88603000.0,18669947000.0,,95685000.0,298532000.0,9376000.0,289156000.0,14234920000.0,2220746000.0,12014174000.0,9553136000.0,279770000.0,-2589000.0,-319401000.0,466187000.0,0.0,96992000.0,-162625000.0,-5094000.0,360381000.0,-14978000.0,239593000.0,239593000.0,239593000.0,-9980000.0,48302000.0,0.084,418255000.0,447533000.0,340092000.0,0.0,4.904,10.599,12.092,6293199000.0,0.0,76.06,0.832,0.827,2339213000.0,1671331000.0,2841237000.0,2841237000.0,0.0,,,,,19870000.0,263576000.0,1.0,125600000.0,124902000.0,126895000.0,22.748,10700324000.0,31324000.0,91560000.0,699248000.0,85.67,1803193000.0
6,DVA,MRQ,2019-12-31,2019-12-31,2019-12-31,2021-08-03,-47498000.0,17311394000.0,,3690170000.0,13621224000.0,,16.502,-219363000.0,1208718000.0,1208718000.0,2000625000.0,302962000.0,1.556,6.474,11175946000.0,474620000.0,10701326000.0,11175946000.0,0.0,158467000.0,0.0,0.0,0.0,418611000.0,577078000.0,0.199,577078000.0,418611000.0,326561000.0,1.78,1.77,1.78,2133409000.0,,2133409000.0,19566504925.0,13.0,9.102,461167000.0,3.567,1.0,897959000.0,0.31,6923319000.0,92050000.0,17983205000.0,,97949000.0,290074000.0,11572000.0,278502000.0,13811776000.0,2372098000.0,11439678000.0,9731390925.0,-148423000.0,-9740000.0,-542745000.0,-29448000.0,0.0,-692686000.0,-138685000.0,90418000.0,680530000.0,2418000.0,244871000.0,244871000.0,244871000.0,-2629000.0,58091000.0,0.084,436892000.0,461067000.0,403840000.0,0.0,4.561,12.0,14.183,6303431000.0,0.0,75.03,0.854,1.009,2285293000.0,1431738000.0,2898584000.0,2898584000.0,0.0,,,,,20039000.0,278425000.0,1.0,129699999.0,129282634.0,130339967.0,22.421,10388075000.0,19772000.0,81690000.0,619955000.0,80.352,1318072000.0
7,DVA,MRQ,2019-09-30,2019-09-30,2019-09-30,2021-08-03,-77604000.0,17451830000.0,,3998718000.0,13453112000.0,,15.388,-173265000.0,1357141000.0,1357141000.0,1991172000.0,201688000.0,1.812,5.884,11192255000.0,495655000.0,10696600000.0,11192255000.0,0.0,155915000.0,0.0,0.0,0.0,297113000.0,453028000.0,0.156,453028000.0,297113000.0,208524000.0,0.95,0.95,0.95,2318576000.0,,2318576000.0,17496914000.0,15.0,9.953,467445000.0,3.102,1.0,912906000.0,0.314,6883325000.0,88589000.0,18196979000.0,,98641000.0,355140000.0,100713000.0,254427000.0,13643248000.0,2206640000.0,11436608000.0,9148321000.0,-2325269000.0,860000.0,-1758718000.0,-804936000.0,0.0,-2693211000.0,-268667000.0,-96262000.0,640710000.0,-4101000.0,143270000.0,143270000.0,143270000.0,6843000.0,58418000.0,0.049,538506000.0,374400000.0,332136000.0,0.0,3.946,21.973,21.7,6200526000.0,0.0,57.07,0.809,0.76,2375370000.0,3349180000.0,2904078000.0,2904078000.0,0.0,,,,,18766000.0,298736000.0,1.0,160300000.0,150675465.0,151295950.0,19.274,10568505000.0,16236000.0,65254000.0,604921000.0,70.141,1792078000.0
8,DVA,MRQ,2019-06-30,2019-06-30,2019-06-30,2021-08-03,-33611000.0,19930960000.0,,6390629000.0,13540331000.0,,24.343,-175040000.0,3682410000.0,3682410000.0,1957753000.0,327157000.0,1.12,3.581,12031003000.0,3963956000.0,8067047000.0,12031003000.0,0.0,152242000.0,0.0,0.0,0.0,481155000.0,633397000.0,0.223,633397000.0,481155000.0,349489000.0,1.64,1.64,1.64,4049298000.0,,4049298000.0,22257123000.0,25.0,14.917,434771000.0,2.614,1.0,884952000.0,0.311,6985960000.0,131666000.0,15586649000.0,,96819000.0,265941000.0,5213000.0,260728000.0,14502158000.0,5706944000.0,8795214000.0,9361664000.0,2578201000.0,3782782000.0,-72488000.0,-1517685000.0,0.0,-1635504000.0,3603050000.0,-4692000.0,609811000.0,844000.0,273551000.0,273551000.0,273551000.0,-79392000.0,53606000.0,0.096,427580000.0,457372000.0,388955000.0,0.0,2.312,68.698,65.419,6196200000.0,0.0,56.26,0.832,0.832,2535805000.0,3205910000.0,2842705000.0,2842705000.0,0.0,,,,,16935000.0,275338000.0,1.0,166400000.0,166346041.0,166799525.0,17.089,12945000000.0,15783000.0,75938000.0,593562000.0,77.82,683685000.0
9,DVA,MRQ,2019-03-31,2019-03-31,2019-03-31,2021-08-03,-47551000.0,22605944000.0,,9225076000.0,13380868000.0,,23.291,-198878000.0,561434000.0,561434000.0,1964935000.0,189487000.0,1.121,4.484,13456893000.0,5044104000.0,8412789000.0,13456893000.0,0.0,148528000.0,0.0,0.0,0.0,337554000.0,486082000.0,0.177,486082000.0,337554000.0,206035000.0,0.9,0.9,0.9,3875354000.0,,3875354000.0,18720652000.0,21.0,12.678,-57574000.0,-0.346,1.0,778177000.0,0.284,6917692000.0,131519000.0,20352834000.0,,104236000.0,264758000.0,4035000.0,260723000.0,17376227000.0,8230877000.0,9145350000.0,9033856000.0,264976000.0,2629000.0,1517000.0,357197000.0,0.0,324951000.0,-200358000.0,-4109000.0,141304000.0,-921000.0,149289000.0,149289000.0,149289000.0,-30305000.0,40198000.0,0.054,440378000.0,337799000.0,365192000.0,0.0,2.331,69.493,69.603,6128802000.0,0.0,54.29,0.8,0.8,2443003000.0,2932359000.0,2743112000.0,2743112000.0,0.0,,,,,12110000.0,250813000.0,1.0,166400000.0,166387958.0,166780657.0,16.486,15688252000.0,42650000.0,56746000.0,588805000.0,94.287,994199000.0
10,DVA,MRQ,2018-12-31,2018-12-31,2018-12-31,2021-08-03,-34924000.0,19110252000.0,,8424159000.0,10686093000.0,,22.319,-281479000.0,415420000.0,415420000.0,2027069000.0,-101843000.0,1.722,3.801,10102216000.0,1929369000.0,8172847000.0,10102216000.0,0.0,155157000.0,0.0,0.0,0.0,30276000.0,185433000.0,0.066,185433000.0,30276000.0,-98024000.0,-0.86,-0.85,-0.86,3703442000.0,,3703442000.0,18226943000.0,20.0,12.182,107913000.0,0.65,1.0,794055000.0,0.281,6960806000.0,128300000.0,16945081000.0,,107381000.0,262970000.0,2935000.0,260035000.0,14077213000.0,4891161000.0,9186052000.0,8542360000.0,-154507000.0,-54693000.0,4774000.0,-146032000.0,0.0,-202015000.0,-344324000.0,-8152000.0,389392000.0,2440000.0,-149772000.0,-149772000.0,-149772000.0,309209000.0,47929000.0,-0.053,395537000.0,398518000.0,463270000.0,0.0,2.307,53.593,55.333,3393669000.0,0.0,51.46,0.749,0.771,2328404000.0,2743194000.0,2821124000.0,2821124000.0,0.0,,,,,13456000.0,268532000.0,1.0,166000000.0,165932168.0,166414737.0,17.002,12149446000.0,68614000.0,51748000.0,562536000.0,73.219,3532998000.0
11,DVA,MRQ,2018-09-30,2018-09-30,2018-09-30,2021-08-03,-29109000.0,19357789000.0,,8929501000.0,10428288000.0,,22.934,-231682000.0,540155000.0,540155000.0,2063770000.0,-96668000.0,1.839,3.73,10224738000.0,1784065000.0,8440673000.0,10224738000.0,0.0,146000000.0,0.0,0.0,0.0,41178000.0,187178000.0,0.066,187178000.0,41178000.0,-84749000.0,-0.82,-0.82,-0.82,3824649000.0,,3824649000.0,21418986000.0,19.0,12.191,225991000.0,1.355,1.0,783560000.0,0.275,6800268000.0,125927000.0,17387000000.0,,91102000.0,280597000.0,4730000.0,275867000.0,14264115000.0,4855104000.0,9409011000.0,11955047000.0,100671000.0,-5034000.0,-350661000.0,274053000.0,0.0,-117430000.0,-237255000.0,-539000.0,457673000.0,-2317000.0,-136796000.0,-136796000.0,-136796000.0,211739000.0,40128000.0,-0.048,490698000.0,292862000.0,458927000.0,0.0,3.126,19.516,21.255,3275636000.0,0.0,71.63,1.052,1.051,2230869000.0,3951247000.0,2847330000.0,2847330000.0,0.0,,,,,39744000.0,336299000.0,1.0,166900000.0,166770664.0,167262358.0,17.073,12557521000.0,26002000.0,52047000.0,515893000.0,75.298,4074397000.0
12,DVA,MRQ,2018-06-30,2018-06-30,2018-06-30,2021-08-03,-21925000.0,19435564000.0,,9085362000.0,10350202000.0,,24.934,-241534000.0,480148000.0,480148000.0,2069089000.0,306322000.0,1.899,3.249,9944087000.0,1768514000.0,8175573000.0,9944087000.0,0.0,147079000.0,0.0,0.0,0.0,470836000.0,617915000.0,0.214,617915000.0,470836000.0,351144000.0,1.56,1.53,1.56,4279184000.0,,4279184000.0,21133683000.0,20.0,12.019,320502000.0,1.868,1.0,817864000.0,0.283,6778814000.0,119692000.0,17336911000.0,,112729000.0,287748000.0,4528000.0,283220000.0,13903899000.0,4783778000.0,9120121000.0,12117280000.0,244597000.0,24823000.0,-510485000.0,467110000.0,0.0,-83362000.0,-223936000.0,-7225000.0,562036000.0,-10141000.0,267276000.0,267276000.0,267276000.0,-69696000.0,39046000.0,0.093,389467000.0,428397000.0,542272000.0,0.0,2.832,22.654,22.767,3229098000.0,0.0,69.44,1.074,1.056,2313910000.0,4088043000.0,2886953000.0,2886953000.0,0.0,,,,,10176000.0,264094000.0,1.0,174500000.0,171617238.0,174105884.0,16.822,12656750000.0,23540000.0,83868000.0,526425000.0,73.75,4301584000.0
13,DVA,MRQ,2018-03-31,2018-03-31,2018-03-31,2021-08-03,27335000.0,18942372000.0,,8673555000.0,10268817000.0,,25.596,-232443000.0,447618000.0,447618000.0,2035585000.0,225229000.0,2.943,2.865,9464021000.0,184136000.0,9279885000.0,9464021000.0,0.0,142799000.0,0.0,0.0,0.0,362939000.0,505738000.0,0.177,505738000.0,362939000.0,249423000.0,1.0,0.98,1.0,4580680000.0,,4580680000.0,20829077000.0,22.0,12.418,130096000.0,0.727,1.0,813859000.0,0.286,6751958000.0,113516000.0,18259294000.0,,125555000.0,284510000.0,4602000.0,279908000.0,13125790000.0,2947523000.0,10178267000.0,12001080000.0,-53468000.0,1953000.0,-291562000.0,104673000.0,0.0,-222547000.0,-200128000.0,30362000.0,362539000.0,6668000.0,178686000.0,178686000.0,178686000.0,5786000.0,46543000.0,0.063,403328000.0,410531000.0,437733000.0,0.0,2.62,30.413,30.67,3185223000.0,0.0,65.94,1.082,1.064,2246504000.0,3820767000.0,2849444000.0,2849444000.0,0.0,,,,,9685000.0,266529000.0,1.0,182000000.0,178957865.0,181834547.0,15.922,12190414000.0,18660000.0,70737000.0,507226000.0,68.119,5726032000.0
14,DVA,MRQ,2017-12-31,2017-12-31,2017-12-31,2021-08-03,13235000.0,18974536000.0,,8770701000.0,10203835000.0,,25.742,-265421000.0,518920000.0,518920000.0,1941687000.0,340679000.0,2.859,2.788,9336231000.0,178213000.0,9158018000.0,9336231000.0,0.0,183958000.0,0.0,0.0,0.0,262126000.0,446084000.0,0.16,446084000.0,262126000.0,153129000.0,1.63,1.61,1.63,4690029000.0,,4690029000.0,21495840000.0,15.0,9.79,79595000.0,0.437,1.0,839226000.0,0.302,6724106000.0,108997000.0,18000221000.0,,181799000.0,316059000.0,32830000.0,283229000.0,13077110000.0,3067520000.0,10009590000.0,13243425000.0,-155787000.0,-77534000.0,-476067000.0,263311000.0,0.0,-236425000.0,-259183000.0,83772000.0,345016000.0,-5195000.0,303396000.0,303396000.0,303396000.0,-143587000.0,37283000.0,0.109,685705000.0,153521000.0,509116000.0,0.0,2.824,19.956,20.526,3149213000.0,0.0,72.25,1.218,1.253,2114012000.0,3633713000.0,2780913000.0,2780913000.0,0.0,,,,,6614000.0,265424000.0,1.0,183300000.0,182191741.0,184755397.0,15.264,12250430000.0,49440000.0,-150267000.0,486247000.0,67.239,5703181000.0
15,DVA,MRQ,2017-09-30,2017-09-30,2017-09-30,2021-08-03,3476000.0,19013339000.0,,4033549000.0,14979790000.0,,25.331,-240889000.0,846110000.0,846110000.0,1951609000.0,-172034000.0,1.403,2.721,9098525000.0,189822000.0,8908703000.0,9098525000.0,0.0,203283000.0,0.0,0.0,0.0,-14624000.0,188659000.0,0.068,188659000.0,-14624000.0,-123930000.0,-1.14,-1.12,-1.14,4784581000.0,,4784581000.0,19736508000.0,13.0,8.712,312204000.0,1.653,1.0,813462000.0,0.294,10866910000.0,109306000.0,13524051000.0,,154422000.0,802540000.0,137358000.0,665182000.0,13017320000.0,2874793000.0,10142527000.0,11355368000.0,135754000.0,-84406000.0,-82119000.0,-44431000.0,0.0,-164654000.0,-253942000.0,71353000.0,553093000.0,1257000.0,-214476000.0,-214476000.0,-214476000.0,370872000.0,42442000.0,-0.078,412860000.0,400602000.0,967177000.0,0.0,2.373,21.924,22.243,3386056000.0,0.0,59.39,1.461,1.443,2690448000.0,4070535000.0,2765071000.0,2765071000.0,0.0,,,,,10974000.0,272911000.0,1.0,191200000.0,188883922.0,191408117.0,14.639,8146429000.0,0.0,90546000.0,699989000.0,43.129,1158756000.0
16,DVA,MRQ,2017-06-30,2017-06-30,2017-06-30,2021-08-03,-27308000.0,19341784000.0,,4023768000.0,15318016000.0,,26.607,-184405000.0,711997000.0,711997000.0,1894664000.0,161625000.0,1.451,2.569,9093137000.0,182323000.0,8910814000.0,9093137000.0,0.0,200038000.0,0.0,0.0,0.0,336850000.0,536888000.0,0.199,536888000.0,336850000.0,228916000.0,0.66,0.65,0.66,5084314000.0,,5084314000.0,20219159000.0,9.0,6.654,-34519000.0,-0.181,1.0,804735000.0,0.298,11352685000.0,107934000.0,13596914000.0,,199304000.0,868597000.0,211436000.0,657161000.0,13060184000.0,2773325000.0,10286859000.0,12602296000.0,-756603000.0,-518979000.0,-226841000.0,-27891000.0,0.0,-306241000.0,-601620000.0,101764000.0,149886000.0,1372000.0,127001000.0,127001000.0,127001000.0,24520000.0,34624000.0,0.047,412714000.0,392021000.0,830128000.0,0.0,2.479,9.666,9.797,3248030000.0,0.0,64.76,1.442,1.416,2698567000.0,4285011000.0,2699399000.0,2699399000.0,0.0,,,,,7903000.0,262796000.0,1.0,194600000.0,191088216.0,193987983.0,14.126,7989099000.0,0.0,101915000.0,970475000.0,41.808,1250443000.0
17,DVA,MRQ,2017-03-31,2017-03-31,2017-03-31,2021-08-03,-76886000.0,19388264000.0,,4603900000.0,14784364000.0,,26.718,-214535000.0,1472232000.0,1472232000.0,1852045000.0,500285000.0,1.636,2.542,9089095000.0,170217000.0,8918878000.0,9089095000.0,0.0,190206000.0,0.0,0.0,0.0,833759000.0,1023965000.0,0.389,1023965000.0,833759000.0,729362000.0,2.33,2.29,2.33,5139929000.0,,5139929000.0,22262174000.0,10.0,7.487,650636000.0,3.382,1.0,779206000.0,0.296,10939499000.0,104397000.0,13252051000.0,,174159000.0,943481000.0,313265000.0,630216000.0,13067825000.0,2813577000.0,10254248000.0,14062993000.0,559067000.0,-30624000.0,3330000.0,-36141000.0,0.0,-58937000.0,-249987000.0,-4828000.0,865171000.0,2820000.0,447697000.0,447697000.0,447697000.0,-6433000.0,52588000.0,0.17,-96045000.0,875251000.0,854471000.0,0.0,2.736,11.432,10.945,3171199000.0,0.0,67.97,1.441,1.34,2440217000.0,4158010000.0,2631251000.0,2631251000.0,0.0,,,,,9601000.0,262895000.0,1.0,206900000.0,192376735.0,195281014.0,13.678,8448765000.0,0.0,281665000.0,1080071000.0,43.918,1790323000.0
18,DVA,MRQ,2016-12-31,2016-12-31,2016-12-31,2021-08-03,-89643000.0,18755776000.0,,3994748000.0,14761028000.0,,23.966,-253852000.0,674776000.0,674776000.0,-519405000.0,188270000.0,1.474,2.782,9104938000.0,160262000.0,8944676000.0,9104938000.0,0.0,188777000.0,0.0,0.0,0.0,327233000.0,516010000.0,-1.603,516010000.0,327233000.0,223476000.0,0.82,0.81,0.82,4648047000.0,,4648047000.0,20884350000.0,12.0,8.538,237012000.0,1.222,1.0,197509000.0,-0.614,6088879000.0,103757000.0,18386095000.0,,160419000.0,829017000.0,306981000.0,522036000.0,12932777000.0,2710964000.0,10221813000.0,12673080000.0,8373000.0,-20791000.0,-471896000.0,-25728000.0,0.0,-544005000.0,55574000.0,330142000.0,490864000.0,5940000.0,157726000.0,157726000.0,157726000.0,158262000.0,30544000.0,-0.49,-307331000.0,504840000.0,456619000.0,0.0,2.727,14.403,14.725,2864121000.0,0.0,64.2,1.184,1.209,1792106000.0,3710313000.0,-321896000.0,-321896000.0,0.0,,,,,8521000.0,-107373000.0,1.0,197400000.0,193943755.0,196687242.0,-1.66,12666897000.0,0.0,65750000.0,532263000.0,65.312,1283784000.0
19,DVA,MRQ,2016-09-30,2016-09-30,2016-09-30,2021-08-03,-52226000.0,18925653000.0,,4261359000.0,14664294000.0,,24.105,-216616000.0,913496000.0,913496000.0,2697629000.0,612150000.0,1.614,2.613,9124766000.0,152764000.0,8972002000.0,9124766000.0,0.0,181739000.0,0.0,0.0,0.0,780214000.0,961953000.0,0.258,961953000.0,780214000.0,675633000.0,2.8,2.76,2.8,4911746000.0,,4911746000.0,21487907000.0,14.0,9.705,319007000.0,1.566,1.0,1032947000.0,0.277,10959153000.0,104581000.0,13538301000.0,,200563000.0,1276647000.0,659478000.0,617169000.0,12834518000.0,2639469000.0,10195049000.0,13669883000.0,-369920000.0,-22419000.0,-336922000.0,-37481000.0,0.0,-404422000.0,-499013000.0,-259903000.0,535623000.0,-2108000.0,571332000.0,571332000.0,571332000.0,0.0,40818000.0,0.153,218028000.0,814919000.0,812291000.0,0.0,2.783,19.088,18.823,3044988000.0,0.0,66.07,1.27,1.251,2302378000.0,5078983000.0,3730576000.0,3730576000.0,0.0,,,,,6100000.0,406890000.0,1.0,206900000.0,203761433.0,206961450.0,18.309,7966500000.0,8196000.0,104301000.0,802109000.0,39.097,1621890000.0
20,DVA,MRQ,2016-06-30,2016-06-30,2016-06-30,2021-08-03,-60036000.0,18691630000.0,,4496217000.0,14195413000.0,,23.208,-185440000.0,1283416000.0,1283416000.0,2671025000.0,94503000.0,1.699,2.696,9101440000.0,144183000.0,8957257000.0,9101440000.0,0.0,180381000.0,0.0,0.0,0.0,291164000.0,471545000.0,0.127,471545000.0,291164000.0,188270000.0,0.26,0.26,0.26,4746054000.0,,4746054000.0,24042974000.0,20.0,12.784,331197000.0,1.62,1.0,1046626000.0,0.282,10991958000.0,102894000.0,12872034000.0,,197388000.0,560960000.0,394166000.0,166794000.0,12796024000.0,2645662000.0,10150362000.0,15966580000.0,241989000.0,-55424000.0,6298000.0,-41233000.0,0.0,-70457000.0,-203918000.0,36946000.0,516637000.0,-273000.0,53382000.0,53382000.0,53382000.0,0.0,41121000.0,0.014,717051000.0,329575000.0,804917000.0,0.0,3.364,44.267,44.694,2972407000.0,0.0,77.32,1.512,1.498,2433484000.0,4507651000.0,3717651000.0,3717651000.0,0.0,,,,,10620000.0,386895000.0,1.0,206500000.0,204497970.0,208047172.0,18.179,7699672000.0,0.0,134888000.0,821011000.0,37.652,1850555000.0
21,DVA,MRQ,2016-03-31,2016-03-31,2016-03-31,2021-08-03,-53513000.0,18514198000.0,,4199560000.0,14314638000.0,,23.017,-173187000.0,1041427000.0,1041427000.0,2582333000.0,138159000.0,1.719,2.696,9117821000.0,137966000.0,8979855000.0,9117821000.0,0.0,169355000.0,0.0,0.0,0.0,327140000.0,496495000.0,0.139,496495000.0,327140000.0,224256000.0,0.48,0.47,0.48,4703926000.0,,4703926000.0,23444619000.0,18.0,11.928,255815000.0,1.252,1.0,998803000.0,0.279,11164335000.0,102884000.0,12982639000.0,,192689000.0,569297000.0,396468000.0,172829000.0,12679761000.0,2443618000.0,10236143000.0,15813390000.0,-457689000.0,-400497000.0,-271759000.0,-20188000.0,0.0,-333097000.0,-554311000.0,19373000.0,429002000.0,717000.0,97434000.0,97434000.0,97434000.0,0.0,40725000.0,0.027,635301000.0,363502000.0,798035000.0,0.0,3.362,33.097,32.326,2911205000.0,0.0,73.38,1.539,1.459,2380833000.0,4454269000.0,3581136000.0,3581136000.0,0.0,,,,,13097000.0,386429000.0,1.0,215500000.0,204366869.0,207928096.0,17.523,7349863000.0,856000.0,126822000.0,792038000.0,35.964,1755942000.0
22,DVA,MRQ,2015-12-31,2015-12-31,2015-12-31,2021-08-03,-59826000.0,18514875000.0,,4503280000.0,14011595000.0,,23.335,-245785000.0,1499116000.0,1499116000.0,-453641000.0,34474000.0,1.877,2.58,9130345000.0,129037000.0,9001308000.0,9130345000.0,0.0,163330000.0,0.0,0.0,0.0,120876000.0,284206000.0,-1.068,284206000.0,120876000.0,17617000.0,-0.03,-0.02,-0.03,4870780000.0,,4870780000.0,22858104000.0,26.0,15.002,190888000.0,0.915,1.0,187638000.0,-0.705,10981805000.0,103259000.0,12765161000.0,,185575000.0,575574000.0,408084000.0,167490000.0,12566637000.0,2399138000.0,10167499000.0,14708810000.0,451697000.0,7090000.0,-159472000.0,-96291000.0,0.0,-252849000.0,268600000.0,507295000.0,436673000.0,-727000.0,-6000000.0,-6000000.0,-6000000.0,53467000.0,40474000.0,0.023,-20173000.0,207811000.0,846052000.0,0.0,3.02,54.531,54.89,2788740000.0,0.0,69.71,1.473,1.48,2160113000.0,4356835000.0,-266003000.0,-266003000.0,0.0,,,,,2356000.0,-12128000.0,1.0,211000000.0,208728478.0,212743589.0,-1.274,7533070000.0,60070000.0,23617000.0,726962000.0,36.09,2104142000.0
23,DVA,MRQ,2015-09-30,2015-09-30,2015-09-30,2021-08-03,-54336000.0,18894828000.0,,4737886000.0,14156942000.0,,23.498,-171340000.0,1047419000.0,1047419000.0,2501015000.0,261307000.0,1.965,2.566,9196713000.0,114617000.0,9082096000.0,9196713000.0,0.0,162062000.0,0.0,0.0,0.0,466417000.0,628479000.0,0.178,628479000.0,466417000.0,362936000.0,1.02,1.0,1.02,4990353000.0,,4990353000.0,23863227000.0,20.0,13.235,507656000.0,2.39,1.0,1024650000.0,0.291,11314361000.0,103481000.0,13319207000.0,,173050000.0,1081124000.0,922848000.0,158276000.0,12805492000.0,2410554000.0,10394938000.0,15587115000.0,113684000.0,-42200000.0,-284875000.0,-28675000.0,0.0,-361214000.0,-203047000.0,10493000.0,678996000.0,-1051000.0,215872000.0,215872000.0,215872000.0,0.0,45435000.0,0.061,518065000.0,506585000.0,828088000.0,0.0,3.123,32.221,31.724,2621918000.0,0.0,72.33,1.148,1.131,2116824000.0,4362835000.0,3525665000.0,3525665000.0,0.0,,,,,14882000.0,353492000.0,1.0,215500000.0,212374897.0,216691461.0,16.601,7580467000.0,302030000.0,147064000.0,906807000.0,35.694,2327332000.0
24,DVA,MRQ,2015-06-30,2015-06-30,2015-06-30,2021-08-03,-44379000.0,18946818000.0,,4780921000.0,14165897000.0,,24.165,-169452000.0,933735000.0,933735000.0,2446076000.0,207777000.0,2.048,2.475,9209847000.0,108795000.0,9101052000.0,9209847000.0,0.0,158843000.0,0.0,0.0,0.0,397487000.0,556330000.0,0.162,556330000.0,397487000.0,293239000.0,0.8,0.78,0.8,5146849000.0,,5146849000.0,24573008000.0,22.0,14.253,-138010000.0,-0.648,1.0,988542000.0,0.288,11319378000.0,104248000.0,13569262000.0,,159353000.0,1102178000.0,942141000.0,160037000.0,12736776000.0,2334290000.0,10402486000.0,17086050000.0,-77536000.0,-3559000.0,-15018000.0,696428000.0,0.0,585961000.0,-695050000.0,-522039000.0,31442000.0,111000.0,170477000.0,170477000.0,170477000.0,0.0,37300000.0,0.05,513027000.0,475515000.0,830392000.0,0.0,3.32,37.801,37.31,2564708000.0,0.0,79.47,1.284,1.272,2123471000.0,4146963000.0,3434618000.0,3434618000.0,0.0,,,,,24882000.0,347960000.0,1.0,215000000.0,212991606.0,217606198.0,16.126,7627440000.0,432693000.0,122762000.0,900959000.0,35.811,2446631000.0
25,DVA,MRQ,2015-03-31,2015-03-31,2015-03-31,2021-08-03,-47625000.0,18366663000.0,,4300795000.0,14065868000.0,,23.298,-121421000.0,1011271000.0,1011271000.0,2362612000.0,-76148000.0,1.605,2.484,8498229000.0,118076000.0,8380153000.0,8498229000.0,0.0,153789000.0,0.0,0.0,0.0,-99158000.0,54631000.0,0.017,54631000.0,-99158000.0,-196550000.0,-0.52,-0.52,-0.52,4971410000.0,,4971410000.0,24997137000.0,23.0,14.984,288668000.0,1.353,1.0,925353000.0,0.281,11335566000.0,97392000.0,11838539000.0,,145740000.0,583823000.0,422365000.0,161458000.0,12347557000.0,2679516000.0,9668041000.0,17458944000.0,46030000.0,-38085000.0,-64415000.0,-28436000.0,0.0,-110868000.0,-252287000.0,-92781000.0,410089000.0,-904000.0,-110617000.0,-110617000.0,-110617000.0,0.0,34469000.0,-0.034,992417000.0,-67064000.0,728191000.0,0.0,3.512,40.677,40.039,2500596000.0,0.0,81.28,1.339,1.33,2098895000.0,3976486000.0,3287965000.0,3287965000.0,0.0,,,,,14544000.0,341801000.0,1.0,214800000.0,213387253.0,213387253.0,15.408,7031097000.0,436359000.0,-85933000.0,903950000.0,32.95,1621279000.0
26,DVA,MRQ,2014-12-31,2014-12-31,2014-12-31,2021-08-03,-25017000.0,17617432000.0,,3636170000.0,13981262000.0,,24.281,-197823000.0,965241000.0,965241000.0,2366461000.0,250388000.0,1.741,2.21,8418778000.0,120154000.0,8298624000.0,8418778000.0,0.0,153600000.0,0.0,0.0,0.0,409946000.0,563546000.0,0.169,563546000.0,409946000.0,311997000.0,0.98,0.95,0.98,5170513000.0,,5170513000.0,23251924000.0,15.0,10.712,-267814000.0,-1.258,1.0,961556000.0,0.289,11280137000.0,97949000.0,11702181000.0,,136084000.0,492425000.0,337399000.0,155026000.0,11427156000.0,2088651000.0,9338505000.0,16276526000.0,-561794000.0,-48806000.0,4976000.0,-39287000.0,0.0,-45970000.0,-446544000.0,-198947000.0,-69991000.0,711000.0,208020000.0,208020000.0,208020000.0,0.0,42368000.0,0.063,514013000.0,447543000.0,759799000.0,0.0,3.148,22.509,22.211,2469099000.0,0.0,75.74,1.272,1.257,1926765000.0,4087103000.0,3328017000.0,3328017000.0,0.0,,,,,13406000.0,355987000.0,1.0,214900000.0,212947103.0,217625625.0,15.628,6337295000.0,83839000.0,103977000.0,650075000.0,29.76,1547519000.0
27,DVA,MRQ,2014-09-30,2014-09-30,2014-09-30,2021-08-03,-11624000.0,18101416000.0,,4178435000.0,13922981000.0,,23.399,-164914000.0,1527035000.0,1527035000.0,2326534000.0,219784000.0,1.609,2.45,8502433000.0,121530000.0,8380903000.0,8502433000.0,0.0,148865000.0,0.0,0.0,0.0,400628000.0,549493000.0,0.169,549493000.0,400628000.0,300750000.0,0.87,0.85,0.87,4975042000.0,,4975042000.0,23089064000.0,14.0,10.488,682986000.0,3.212,1.0,925290000.0,0.285,11342413000.0,99878000.0,11136770000.0,,114677000.0,296157000.0,142122000.0,154035000.0,12191198000.0,2597631000.0,9593567000.0,15710472000.0,106062000.0,-116270000.0,7250000.0,-317128000.0,0.0,-355657000.0,-388330000.0,-107106000.0,847900000.0,2149000.0,184122000.0,184122000.0,184122000.0,0.0,35662000.0,0.057,492979000.0,432311000.0,748259000.0,0.0,3.158,21.599,21.2,2359203000.0,0.0,73.14,1.254,1.241,1815275000.0,3879083000.0,3251824000.0,3251824000.0,0.0,,,,,15614000.0,322822000.0,1.0,214800000.0,212617238.0,217236493.0,15.294,6759003000.0,407071000.0,116628000.0,892921000.0,31.79,1580804000.0
28,DVA,MRQ,2014-06-30,2014-06-30,2014-06-30,2021-08-03,666000.0,17925571000.0,,4161247000.0,13764324000.0,,22.547,-152031000.0,1420973000.0,1420973000.0,2246538000.0,181421000.0,1.595,2.551,8799565000.0,408987000.0,8390578000.0,8799565000.0,0.0,145905000.0,0.0,0.0,0.0,354702000.0,500607000.0,0.158,500607000.0,354702000.0,248570000.0,0.7,0.68,0.7,4785771000.0,,4785771000.0,22746717000.0,14.0,10.674,110360000.0,0.52,1.0,925951000.0,0.292,11276918000.0,106132000.0,11419097000.0,,99650000.0,194291000.0,63835000.0,130456000.0,12208504000.0,2608148000.0,9600356000.0,15490944000.0,312904000.0,-30426000.0,3824000.0,413586000.0,0.0,298773000.0,-247062000.0,-64606000.0,262391000.0,-1198000.0,147683000.0,147683000.0,147683000.0,0.0,33738000.0,0.047,447751000.0,478200000.0,710302000.0,0.0,3.237,22.785,22.39,2290844000.0,0.0,72.32,1.262,1.25,2005872000.0,3694961000.0,3172489000.0,3172489000.0,0.0,,,,,21855000.0,298636000.0,1.0,214200000.0,212258994.0,216720944.0,14.946,6648653000.0,406326000.0,100887000.0,823745000.0,31.323,1553099000.0
29,DVA,MRQ,2014-03-31,2014-03-31,2014-03-31,2021-08-03,-1639000.0,17398342000.0,,3707233000.0,13691109000.0,,22.044,-126562000.0,1108069000.0,1108069000.0,2179772000.0,211737000.0,1.445,2.547,8363842000.0,292220000.0,8071622000.0,8363842000.0,0.0,142565000.0,0.0,0.0,0.0,414475000.0,557040000.0,0.183,557040000.0,414475000.0,308140000.0,0.87,0.85,0.87,4659567000.0,,4659567000.0,22148499000.0,13.0,9.832,292545000.0,1.384,1.0,863004000.0,0.284,11268001000.0,106335000.0,10819940000.0,,101173000.0,129840000.0,8080000.0,121760000.0,11867926000.0,2566174000.0,9301752000.0,14678820000.0,161820000.0,-67801000.0,3450000.0,-65150000.0,0.0,-62125000.0,-195793000.0,-1419000.0,419107000.0,631000.0,183289000.0,183289000.0,183289000.0,0.0,28448000.0,0.06,429151000.0,433853000.0,677666000.0,0.0,3.15,18.662,18.409,2224439000.0,0.0,68.85,1.226,1.215,1913745000.0,3547278000.0,3042776000.0,3042776000.0,0.0,,,,,19716000.0,284061000.0,1.0,213200000.0,211375232.0,216118922.0,14.395,6130341000.0,406538000.0,124851000.0,905896000.0,29.002,1141059000.0
30,DVA,MRQ,2013-12-31,2013-12-31,2013-12-31,2021-08-03,-2645000.0,17098877000.0,,3472278000.0,13626599000.0,,21.049,-218070000.0,946249000.0,946249000.0,2127832000.0,244273000.0,1.41,2.661,8415928000.0,274697000.0,8141231000.0,8415928000.0,0.0,138732000.0,0.0,0.0,0.0,455634000.0,594366000.0,0.194,594366000.0,455634000.0,348025000.0,1.01,0.99,1.01,4432479000.0,,4432479000.0,20949309000.0,15.0,10.621,136117000.0,0.646,1.0,935377000.0,0.305,11237347000.0,107609000.0,10869160000.0,,88805000.0,127044000.0,6801000.0,120243000.0,11796036000.0,2462049000.0,9333987000.0,13478799000.0,-24445000.0,-75616000.0,3991000.0,-53716000.0,0.0,-78768000.0,-299796000.0,-3772000.0,354187000.0,-68000.0,212278000.0,212278000.0,212278000.0,0.0,31995000.0,0.069,459517000.0,475860000.0,722917000.0,0.0,3.041,21.279,20.983,2189411000.0,0.0,63.37,1.146,1.131,1834253000.0,3363989000.0,3063209000.0,3063209000.0,0.0,,,,,14456000.0,318827000.0,1.0,212700000.0,210581139.0,215160787.0,14.546,5861530000.0,419756000.0,135747000.0,812419000.0,27.835,1010229000.0
31,DVA,MRQ,2013-09-30,2013-09-30,2013-09-30,2021-08-03,-4214000.0,16827319000.0,,3381408000.0,13445911000.0,,20.286,-141131000.0,970694000.0,970694000.0,2095334000.0,169836000.0,1.378,2.757,8441204000.0,259770000.0,8181434000.0,8441204000.0,0.0,133005000.0,0.0,0.0,0.0,345979000.0,478984000.0,0.16,478984000.0,345979000.0,237558000.0,0.65,0.64,0.65,4267986000.0,,4267986000.0,19955650000.0,15.0,10.861,591997000.0,2.814,1.0,904252000.0,0.301,11203810000.0,108421000.0,10640893000.0,,84899000.0,120829000.0,6796000.0,114033000.0,11768656000.0,2453126000.0,9315530000.0,12096940000.0,352790000.0,-84771000.0,3613000.0,-132923000.0,0.0,-150474000.0,-229199000.0,-3251000.0,733128000.0,-665000.0,136628000.0,136628000.0,136628000.0,0.0,33208000.0,0.046,536401000.0,367851000.0,629164000.0,0.0,2.834,20.965,20.542,2048235000.0,0.0,56.9,1.082,1.071,1699590000.0,3151711000.0,2999586000.0,2999586000.0,0.0,,,,,15895000.0,305138000.0,1.0,212600000.0,210394560.0,214902860.0,14.257,5623509000.0,462489000.0,100930000.0,769713000.0,26.728,928282000.0
32,DVA,MRQ,2013-06-30,2013-06-30,2013-06-30,2021-08-03,-3334000.0,16455509000.0,,3131834000.0,13323675000.0,,19.661,-141672000.0,617904000.0,617904000.0,2014320000.0,283358000.0,1.414,2.806,8476614000.0,242324000.0,8234290000.0,8476614000.0,0.0,130626000.0,0.0,0.0,0.0,491664000.0,622290000.0,0.217,622290000.0,491664000.0,383568000.0,1.21,1.18,1.21,4124881000.0,,4124881000.0,20586447000.0,16.0,11.744,165147000.0,0.787,1.0,857353000.0,0.299,11133522000.0,108096000.0,10965809000.0,,77997000.0,108089000.0,6794000.0,101295000.0,11572726000.0,2214888000.0,9357838000.0,12780640000.0,-81767000.0,-58608000.0,2986000.0,-186962000.0,0.0,-186357000.0,-201876000.0,-1726000.0,306819000.0,-353000.0,254376000.0,254376000.0,254376000.0,0.0,28982000.0,0.089,399959000.0,457394000.0,592587000.0,0.0,3.098,21.844,20.972,1990963000.0,0.0,60.4,1.262,1.252,1776840000.0,4016375000.0,2871673000.0,2871673000.0,0.0,,,,,21916000.0,268110000.0,1.0,211600000.0,209797334.0,214849164.0,13.688,5321987000.0,502082000.0,129192000.0,751446000.0,25.367,916946000.0
33,DVA,MRQ,2013-03-31,2013-03-31,2013-03-31,2021-08-03,-16741000.0,16413477000.0,,3191168000.0,13222309000.0,,18.182,-116724000.0,699671000.0,699671000.0,1960891000.0,59734000.0,1.372,3.119,8505478000.0,228219000.0,8277259000.0,8505478000.0,0.0,125756000.0,0.0,0.0,0.0,151125000.0,276881000.0,0.098,276881000.0,151125000.0,45308000.0,0.14,0.14,0.14,3799442000.0,,3799442000.0,20531822000.0,20.0,14.336,262483000.0,1.256,1.0,868691000.0,0.307,11119079000.0,105817000.0,10774966000.0,,76582000.0,108113000.0,7142000.0,100971000.0,11851052000.0,2325239000.0,9525813000.0,12511245000.0,165923000.0,-29141000.0,5833000.0,-63687000.0,0.0,-67392000.0,-146011000.0,-9000.0,379207000.0,119000.0,30164000.0,30164000.0,30164000.0,-13236000.0,29570000.0,0.011,711197000.0,157494000.0,628569000.0,0.0,3.293,29.365,27.262,1915453000.0,0.0,59.295,1.365,1.352,1815513000.0,3761999000.0,2829582000.0,2829582000.0,0.0,,,,,18432000.0,284410000.0,1.0,211000000.0,208968952.0,214127266.0,13.541,5294398000.0,441828000.0,15144000.0,775504000.0,25.336,865929000.0
34,DVA,MRQ,2012-12-31,2012-12-31,2012-12-31,2021-08-03,-15297000.0,16014633000.0,,2887050000.0,13127583000.0,,18.603,-171197000.0,533748000.0,533748000.0,1707459000.0,183800000.0,1.432,3.06,8559576000.0,233042000.0,8326534000.0,8559576000.0,0.0,109540000.0,0.0,0.0,0.0,349711000.0,459251000.0,0.185,459251000.0,349711000.0,253741000.0,0.77,0.76,0.77,3763137000.0,,3763137000.0,14632138000.0,12.0,9.574,29038000.0,0.144,1.0,770394000.0,0.311,11080868000.0,95970000.0,10943168000.0,,78126000.0,101629000.0,7138000.0,94491000.0,11517016000.0,2016425000.0,9500591000.0,10544562000.0,151554000.0,-3877081000.0,-1748000.0,2792039000.0,0.0,3997841000.0,-4045693000.0,-1420000.0,200235000.0,-829000.0,155839000.0,155839000.0,155839000.0,460000.0,27961000.0,0.063,390401000.0,379993000.0,653107000.0,0.0,2.802,19.672,19.808,1872370000.0,0.0,55.265,1.288,1.296,1689974000.0,3731835000.0,2477853000.0,2477853000.0,0.0,,,,,16549000.0,273773000.0,1.0,190800000.0,202288918.0,207023284.0,12.249,4933765000.0,376492000.0,97902000.0,715657000.0,24.39,870625000.0
35,DVA,MRQ,2012-09-30,2012-09-30,2012-09-30,2021-08-03,-18283000.0,10824112000.0,,2325674000.0,8498438000.0,,13.358,-128441000.0,1650961000.0,1650961000.0,1327373000.0,172550000.0,1.74,2.997,5738537000.0,117821000.0,5620716000.0,5738537000.0,0.0,80586000.0,0.0,0.0,0.0,313862000.0,394448000.0,0.203,394448000.0,313862000.0,243368000.0,0.76,0.75,0.76,2537421000.0,,2537421000.0,14026531000.0,12.0,9.652,238193000.0,1.254,1.0,618515000.0,0.318,5502502000.0,70494000.0,8072349000.0,,78322000.0,47790000.0,5836000.0,41954000.0,7603707000.0,1336837000.0,6266870000.0,9801506000.0,108749000.0,-72245000.0,3550000.0,1207208000.0,0.0,-58490000.0,-199546000.0,2416000.0,366634000.0,151000.0,144721000.0,144721000.0,144721000.0,13000.0,27829000.0,0.074,280694000.0,337821000.0,272627000.0,0.0,3.863,18.553,18.469,1654657000.0,0.0,51.805,1.314,1.319,1455489000.0,3575996000.0,1945888000.0,1945888000.0,0.0,,,,,18677000.0,197912000.0,1.0,189200000.0,189959716.0,193269240.0,10.244,5321610000.0,356844000.0,98647000.0,484918000.0,28.014,988837000.0
36,DVA,MRQ,2012-06-30,2012-06-30,2012-06-30,2021-08-03,-19382000.0,9254933000.0,,2178751000.0,7076182000.0,,12.629,-138049000.0,273445000.0,273445000.0,1299322000.0,120004000.0,1.763,2.617,4498470000.0,105562000.0,4392908000.0,4498470000.0,0.0,77807000.0,0.0,0.0,0.0,223786000.0,301593000.0,0.158,301593000.0,223786000.0,163077000.0,0.505,0.495,0.505,2378592000.0,,2378592000.0,13273961000.0,12.0,9.368,64056000.0,0.34,1.0,613684000.0,0.321,5420378000.0,60709000.0,6823716000.0,,77684000.0,48350000.0,8629000.0,39721000.0,6224238000.0,1235864000.0,4988374000.0,9231740000.0,-175845000.0,-212877000.0,3182000.0,-13701000.0,0.0,-24310000.0,-353521000.0,-2595000.0,202105000.0,-119000.0,95337000.0,95337000.0,95337000.0,-352000.0,24667000.0,0.05,369041000.0,244643000.0,299005000.0,0.0,3.881,17.79,17.727,1586460000.0,0.0,49.105,1.27,1.272,1461482000.0,3431275000.0,1913006000.0,1913006000.0,0.0,,,,,19747000.0,212793000.0,1.0,188000000.0,188343166.0,192004380.0,10.157,3834555000.0,311862000.0,67740000.0,431196000.0,20.359,942887000.0
37,DVA,MRQ,2012-03-31,2012-03-31,2012-03-31,2021-08-03,-18773000.0,9157084000.0,,2374400000.0,6782684000.0,,12.128,-112459000.0,449290000.0,449290000.0,1249395000.0,164883000.0,1.912,2.748,4491511000.0,89646000.0,4401865000.0,4491511000.0,0.0,75975000.0,0.0,0.0,0.0,297057000.0,373032000.0,0.202,373032000.0,297057000.0,235676000.0,0.745,0.73,0.745,2274530000.0,,2274530000.0,12560146000.0,11.0,8.929,219415000.0,1.17,1.0,600138000.0,0.324,5225194000.0,61381000.0,6731996000.0,,72285000.0,45469000.0,8616000.0,36853000.0,6250663000.0,1242115000.0,5008548000.0,8448929000.0,55538000.0,-131874000.0,1663000.0,-23398000.0,0.0,-42657000.0,-233690000.0,10643000.0,331874000.0,11000.0,140120000.0,140120000.0,140120000.0,101000.0,24763000.0,0.076,281888000.0,318250000.0,269029000.0,0.0,3.715,16.136,16.159,1490572000.0,0.0,45.085,1.204,1.205,1483362000.0,3335938000.0,1849533000.0,1849533000.0,0.0,,,,,17339000.0,205401000.0,1.0,187400000.0,187538184.0,191458210.0,9.862,3931890000.0,313355000.0,95556000.0,528891000.0,20.966,1132285000.0
38,DVA,MRQ,2011-12-31,2011-12-31,2011-12-31,2021-08-03,-19484000.0,8903808000.0,,2293244000.0,6610564000.0,,11.453,-148277000.0,393752000.0,393752000.0,1166760000.0,176132000.0,1.969,2.876,4504969000.0,87345000.0,4417624000.0,4504969000.0,0.0,72987000.0,0.0,0.0,0.0,311131000.0,384118000.0,0.219,384118000.0,311131000.0,249381000.0,0.795,0.78,0.795,2141075000.0,,2141075000.0,11046994000.0,11.0,8.422,2382000.0,0.013,1.0,583670000.0,0.333,5106467000.0,61750000.0,6743806000.0,,75731000.0,54614000.0,17399000.0,37215000.0,6157467000.0,1164752000.0,4992715000.0,7088235000.0,-147454000.0,-150318000.0,1430000.0,-27878000.0,0.0,-31892000.0,-266221000.0,8814000.0,150659000.0,0.0,148123000.0,148123000.0,148123000.0,19378000.0,28009000.0,0.085,231848000.0,351822000.0,289653000.0,0.0,3.311,14.829,14.982,1432651000.0,0.0,37.905,1.053,1.066,1476631000.0,3195818000.0,1750430000.0,1750430000.0,0.0,,,,,14235000.0,186682000.0,1.0,187000000.0,186944182.0,189910242.0,9.363,3797341000.0,280382000.0,101258000.0,460510000.0,20.313,1128492000.0
39,DVA,MRQ,2011-09-30,2011-09-30,2011-09-30,2021-08-03,-20856000.0,8706668000.0,,2370167000.0,6336501000.0,,10.698,-96950000.0,541206000.0,541206000.0,1189638000.0,161846000.0,1.965,3.088,4499965000.0,82497000.0,4417468000.0,4499965000.0,0.0,67821000.0,0.0,0.0,0.0,290413000.0,358234000.0,0.204,358234000.0,290413000.0,229565000.0,0.725,0.71,0.725,1999253000.0,,1999253000.0,9409602000.0,11.0,8.188,398244000.0,2.131,1.0,568192000.0,0.323,4929754000.0,60848000.0,6529753000.0,,73293000.0,63858000.0,24661000.0,39197000.0,6173373000.0,1205920000.0,4967453000.0,5853378000.0,-188619000.0,-775928000.0,-30279000.0,187320000.0,0.0,140638000.0,-824451000.0,-242000.0,495194000.0,0.0,135361000.0,135361000.0,135361000.0,-1076000.0,26485000.0,0.077,252099000.0,316093000.0,259459000.0,0.0,2.928,14.674,14.886,1335789000.0,0.0,31.335,0.913,0.914,1407228000.0,3047695000.0,1757830000.0,1757830000.0,0.0,,,,,14034000.0,182638000.0,1.0,186800000.0,186883240.0,190342450.0,9.406,3776914000.0,256325000.0,94204000.0,432340000.0,20.21,1164247000.0
40,DVA,MRQ,2011-06-30,2011-06-30,2011-06-30,2021-08-03,-11787000.0,8192721000.0,,2513364000.0,5679357000.0,,9.849,-87399000.0,729825000.0,729825000.0,1163136000.0,120665000.0,2.427,3.1,4286049000.0,75226000.0,4210823000.0,4286049000.0,0.0,64470000.0,0.0,0.0,0.0,226783000.0,291253000.0,0.175,291253000.0,226783000.0,166886000.0,0.525,0.515,0.525,1880859000.0,,1880859000.0,11557997000.0,14.0,10.668,117011000.0,0.613,1.0,498097000.0,0.3,4380242000.0,59897000.0,6333092000.0,,68629000.0,63203000.0,23014000.0,40189000.0,5830091000.0,1035611000.0,4794480000.0,8271255000.0,-276185000.0,-69673000.0,-286593000.0,-14272000.0,0.0,-317427000.0,-163168000.0,-6238000.0,204410000.0,0.0,100015000.0,100015000.0,100015000.0,-253000.0,20650000.0,0.06,253890000.0,244207000.0,254129000.0,0.0,4.398,21.6,22.094,1223662000.0,0.0,43.305,1.313,1.312,1406834000.0,2912334000.0,1661233000.0,1661233000.0,0.0,,,,,21426000.0,163793000.0,1.0,191000000.0,190976898.0,195315156.0,8.699,3812479000.0,235278000.0,66871000.0,456361000.0,19.963,1477753000.0
41,DVA,MRQ,2011-03-31,2011-03-31,2011-03-31,2021-08-03,-1677000.0,8322941000.0,,2726916000.0,5596025000.0,,10.775,-67530000.0,1006010000.0,1006010000.0,1114086000.0,114752000.0,2.707,2.786,4292752000.0,74551000.0,4218201000.0,4292752000.0,0.0,62037000.0,0.0,0.0,0.0,216056000.0,278093000.0,0.178,278093000.0,216056000.0,157461000.0,0.49,0.48,0.49,2074395000.0,,2074395000.0,11657585000.0,14.0,10.86,262253000.0,1.362,1.0,448227000.0,0.287,4338690000.0,58595000.0,6263620000.0,,69641000.0,55938000.0,23006000.0,32932000.0,5780052000.0,1007373000.0,4772679000.0,8208960000.0,145893000.0,-81523000.0,3410000.0,-17510000.0,0.0,-38502000.0,-145388000.0,853000.0,329783000.0,0.0,94502000.0,94502000.0,94502000.0,-131000.0,20250000.0,0.06,214412000.0,233815000.0,227401000.0,0.0,3.957,21.008,21.814,1183744000.0,0.0,42.755,1.318,1.322,1346502000.0,2812319000.0,1562313000.0,1562313000.0,0.0,,,,,16388000.0,151602000.0,1.0,192000000.0,192527604.0,196756742.0,8.115,3984251000.0,235415000.0,62959000.0,443878000.0,20.694,1719543000.0
42,DVA,MRQ,2010-12-31,2010-12-31,2010-12-31,2021-08-03,503000.0,8114424000.0,,2622854000.0,5491570000.0,,10.193,-104226000.0,860117000.0,860117000.0,1093763000.0,92445000.0,2.838,2.878,4308742000.0,74892000.0,4233850000.0,4308742000.0,0.0,60071000.0,0.0,0.0,0.0,161584000.0,221655000.0,0.155,221655000.0,161584000.0,107705000.0,0.365,0.36,0.365,1978422000.0,,1978422000.0,9582305000.0,11.0,8.868,16325000.0,0.084,1.0,334721000.0,0.234,4253942000.0,53879000.0,6384762000.0,,76008000.0,57769000.0,23003000.0,34766000.0,5694238000.0,924345000.0,4769893000.0,6754428000.0,325552000.0,-50859000.0,-455483000.0,944991000.0,0.0,356321000.0,-151320000.0,-491000.0,120551000.0,0.0,69020000.0,69020000.0,69020000.0,-1667000.0,23425000.0,0.048,84246000.0,250475000.0,181033000.0,0.0,3.414,16.65,17.372,1170808000.0,0.0,34.745,1.086,1.134,1353342000.0,2717817000.0,1428484000.0,1428484000.0,0.0,,,,,18806000.0,150403000.0,1.0,194400000.0,194100924.0,198019734.0,7.359,3860482000.0,266390000.0,38685000.0,421436000.0,19.889,1698509000.0
43,DVA,MRQ,2010-09-30,2010-09-30,2010-09-30,2021-08-03,119000.0,7627105000.0,,2262005000.0,5365100000.0,,11.312,-70025000.0,534565000.0,534565000.0,1144474000.0,142881000.0,2.035,2.103,3362442000.0,96252000.0,3266190000.0,3362442000.0,0.0,58486000.0,0.0,0.0,0.0,233915000.0,292401000.0,0.177,292401000.0,233915000.0,194425000.0,0.58,0.575,0.58,2321433000.0,,2321433000.0,9891875000.0,11.0,8.683,91341000.0,0.445,1.0,505083000.0,0.306,4177340000.0,39490000.0,5165858000.0,,68950000.0,56673000.0,22945000.0,33728000.0,4882260000.0,1111784000.0,3770476000.0,7082478000.0,-40151000.0,-45942000.0,-43318000.0,-21581000.0,0.0,-86007000.0,-115510000.0,-333000.0,161366000.0,0.0,119387000.0,119387000.0,119387000.0,95000.0,23494000.0,0.072,250127000.0,254956000.0,321179000.0,0.0,3.051,15.866,15.942,1121604000.0,0.0,34.515,1.114,1.114,1332121000.0,2648797000.0,1649557000.0,1649557000.0,0.0,,,,,13520000.0,148041000.0,1.0,205200000.0,205217688.0,208044916.0,8.038,3449765000.0,264626000.0,75038000.0,387717000.0,16.81,1150221000.0
44,DVA,MRQ,2010-06-30,2010-06-30,2010-06-30,2021-08-03,-1461000.0,7577681000.0,,2265150000.0,5312531000.0,,11.171,-56766000.0,574716000.0,574716000.0,1110552000.0,123893000.0,2.025,2.118,3384113000.0,96590000.0,3287523000.0,3384113000.0,0.0,58353000.0,0.0,0.0,0.0,222937000.0,281290000.0,0.177,281290000.0,222937000.0,179282000.0,0.525,0.52,0.525,2301271000.0,,2301271000.0,9340164000.0,10.0,8.234,239153000.0,1.161,1.0,476355000.0,0.3,4140699000.0,43655000.0,5127561000.0,,69386000.0,55528000.0,22926000.0,32602000.0,4873512000.0,1118818000.0,3754694000.0,6487516000.0,-181193000.0,-90632000.0,-87008000.0,-223613000.0,0.0,-330872000.0,-146240000.0,-259000.0,295919000.0,0.0,107853000.0,107853000.0,107853000.0,0.0,16040000.0,0.068,236824000.0,239531000.0,238219000.0,0.0,2.819,14.814,14.726,1106028000.0,0.0,31.22,1.033,1.024,1302247000.0,2529410000.0,1586907000.0,1586907000.0,0.0,,,,,16920000.0,136104000.0,1.0,207800000.0,206007246.0,208898130.0,7.703,3436982000.0,256653000.0,71429000.0,355587000.0,16.684,1146332000.0
45,DVA,MRQ,2010-03-31,2010-03-31,2010-03-31,2021-08-03,-3320000.0,7691718000.0,,2461251000.0,5230467000.0,,10.938,-42585000.0,755909000.0,755909000.0,1082789000.0,125000000.0,2.35,2.221,3608557000.0,98844000.0,3509713000.0,3608557000.0,0.0,57468000.0,0.0,0.0,0.0,227920000.0,285388000.0,0.183,285388000.0,227920000.0,183337000.0,0.525,0.52,0.525,2261148000.0,,2261148000.0,9635645000.0,11.0,8.492,219262000.0,1.061,1.0,476629000.0,0.306,4071671000.0,44583000.0,5425220000.0,,68038000.0,54456000.0,22907000.0,31549000.0,5022597000.0,1047475000.0,3975122000.0,6542880000.0,216450000.0,-1069000.0,21073000.0,-25041000.0,0.0,-21834000.0,-23563000.0,3827000.0,261847000.0,0.0,109423000.0,109423000.0,109423000.0,0.0,15577000.0,0.07,236308000.0,240321000.0,177764000.0,0.0,2.894,15.01,15.059,1093850000.0,0.0,31.7,1.053,1.055,1328824000.0,2421557000.0,1559418000.0,1559418000.0,0.0,,,,,16728000.0,137277000.0,1.0,206400000.0,206729738.0,209531200.0,7.543,3620047000.0,251088000.0,73914000.0,405103000.0,17.511,1413776000.0
46,DVA,MRQ,2009-12-31,2009-12-31,2009-12-31,2021-08-03,-5548000.0,7558236000.0,,2302521000.0,5255715000.0,,10.395,-68952000.0,539459000.0,539459000.0,1088525000.0,125583000.0,2.199,2.357,3632224000.0,100007000.0,3532217000.0,3632224000.0,0.0,56865000.0,0.0,0.0,0.0,223283000.0,280148000.0,0.18,280148000.0,223283000.0,178452000.0,0.535,0.53,0.535,2135066000.0,,2135066000.0,9078078000.0,10.0,8.137,83639000.0,0.407,1.0,471527000.0,0.302,4087928000.0,44831000.0,5516132000.0,,70041000.0,56722000.0,26475000.0,30247000.0,5032352000.0,1046941000.0,3985411000.0,6003228000.0,-42221000.0,-23616000.0,-54673000.0,-24207000.0,0.0,-97500000.0,-97312000.0,-6185000.0,152591000.0,0.0,109724000.0,109724000.0,109724000.0,-393000.0,15859000.0,0.07,234834000.0,236693000.0,176657000.0,0.0,2.812,14.203,14.397,1104925000.0,0.0,29.37,0.984,0.998,1369359000.0,2312134000.0,1560052000.0,1560052000.0,0.0,,,,,17544000.0,137161000.0,1.0,204400000.0,205402472.0,207451366.0,7.595,3470308000.0,256953000.0,68728000.0,357919000.0,16.895,1255580000.0
47,DVA,MRQ,2009-09-30,2009-09-30,2009-09-30,2021-08-03,-7838000.0,7537708000.0,,2308533000.0,5229175000.0,,9.972,-67448000.0,581680000.0,581680000.0,1095857000.0,126270000.0,2.073,2.459,3656530000.0,100677000.0,3555853000.0,3656530000.0,0.0,56813000.0,0.0,0.0,0.0,230660000.0,287473000.0,0.183,287473000.0,230660000.0,185125000.0,0.535,0.53,0.535,2076803000.0,,2076803000.0,9018154000.0,10.0,8.157,100039000.0,0.48,1.0,478058000.0,0.304,4074889000.0,45535000.0,5424160000.0,,69014000.0,52258000.0,20680000.0,31578000.0,5106739000.0,1113509000.0,3993230000.0,5890560000.0,37567000.0,-20687000.0,-15589000.0,-14393000.0,0.0,-41544000.0,-88376000.0,-713000.0,167487000.0,0.0,110930000.0,110930000.0,110930000.0,0.0,15340000.0,0.07,233765000.0,244293000.0,256707000.0,0.0,2.836,14.321,14.267,1088446000.0,0.0,28.32,0.981,0.983,1378646000.0,2202410000.0,1573915000.0,1573915000.0,0.0,,,,,13374000.0,134931000.0,1.0,208000000.0,208254668.0,209214636.0,7.558,3462819000.0,223697000.0,74195000.0,319267000.0,16.628,1195024000.0
48,DVA,MRQ,2009-06-30,2009-06-30,2009-06-30,2021-08-03,-10033000.0,7441034000.0,,2233397000.0,5207637000.0,,9.643,-65002000.0,544113000.0,544113000.0,1051879000.0,119632000.0,2.014,2.548,3671707000.0,92290000.0,3579417000.0,3671707000.0,0.0,58185000.0,0.0,0.0,0.0,223414000.0,281599000.0,0.185,281599000.0,223414000.0,176326000.0,0.51,0.51,0.51,2000058000.0,,2000058000.0,8392009000.0,10.0,7.746,147381000.0,0.711,1.0,467162000.0,0.308,4057213000.0,47088000.0,5402575000.0,,65354000.0,50080000.0,19109000.0,30971000.0,5096081000.0,1108840000.0,3987241000.0,5114164000.0,138430000.0,-3486000.0,7589000.0,-11433000.0,0.0,-12244000.0,-61709000.0,5194000.0,212383000.0,0.0,105819000.0,105819000.0,105819000.0,0.0,13813000.0,0.07,231584000.0,235578000.0,230576000.0,0.0,2.557,12.97,13.016,1075349000.0,0.0,24.73,0.871,0.873,1355261000.0,2091480000.0,1519041000.0,1519041000.0,0.0,,,,,12404000.0,132166000.0,1.0,206800000.0,207411366.0,207851686.0,7.324,3383821000.0,211709000.0,70507000.0,277712000.0,16.315,1124557000.0
49,DVA,MRQ,2009-03-31,2009-03-31,2009-03-31,2021-08-03,-12111000.0,7235411000.0,,2031463000.0,5203948000.0,,8.981,-73203000.0,405683000.0,405683000.0,1005886000.0,108274000.0,1.979,2.691,3683528000.0,83295000.0,3600233000.0,3683528000.0,0.0,57123000.0,0.0,0.0,0.0,209295000.0,266418000.0,0.184,266418000.0,209295000.0,160994000.0,0.465,0.46,0.465,1865942000.0,,1865942000.0,7850670000.0,9.0,7.383,61046000.0,0.294,1.0,441754000.0,0.305,4061585000.0,48301000.0,5425065000.0,,71353000.0,54481000.0,25413000.0,29068000.0,5021670000.0,1026606000.0,3995064000.0,4566405000.0,-5198000.0,-39828000.0,-22914000.0,-11199000.0,0.0,-40784000.0,-98663000.0,10169000.0,134249000.0,0.0,96211000.0,96211000.0,96211000.0,0.0,12063000.0,0.066,221132000.0,220622000.0,217125000.0,0.0,2.447,11.909,11.911,1067289000.0,0.0,21.975,0.792,0.792,1283221000.0,1985661000.0,1447640000.0,1447640000.0,0.0,,,,,12391000.0,127273000.0,1.0,207800000.0,207756834.0,208818052.0,6.968,3173826000.0,213339000.0,64783000.0,268312000.0,15.277,1004857000.0
50,DVA,MRQ,2008-12-31,2008-12-31,2008-12-31,2021-08-03,-14339000.0,7286083000.0,,2128296000.0,5157787000.0,,8.508,-94046000.0,410881000.0,410881000.0,1011344000.0,109746000.0,1.83,2.923,3695146000.0,72725000.0,3622421000.0,3695146000.0,0.0,56244000.0,0.0,0.0,0.0,213808000.0,270052000.0,0.185,270052000.0,213808000.0,157983000.0,0.475,0.47,0.475,1767747000.0,,1767747000.0,8464956000.0,10.0,8.052,104503000.0,0.503,1.0,449666000.0,0.308,4037452000.0,55825000.0,5369833000.0,,84174000.0,60462000.0,35532000.0,24930000.0,5167787000.0,1163063000.0,4004724000.0,5145366000.0,22934000.0,-24802000.0,-56465000.0,-12301000.0,0.0,-74345000.0,-101270000.0,17499000.0,198549000.0,0.0,98365000.0,98365000.0,98365000.0,0.0,11381000.0,0.067,226699000.0,222967000.0,282883000.0,0.0,2.911,13.752,13.924,1048075000.0,0.0,24.785,0.909,0.921,1314622000.0,1889450000.0,1461010000.0,1461010000.0,0.0,,,,,12115000.0,133659000.0,1.0,207600000.0,207775758.0,208990696.0,7.032,3248631000.0,249326000.0,59618000.0,244884000.0,15.635,965233000.0
51,DVA,MRQ,2008-09-30,2008-09-30,2008-09-30,2021-08-03,-4846000.0,7171893000.0,,2063989000.0,5107904000.0,,9.118,-78909000.0,387947000.0,387947000.0,1005648000.0,107738000.0,1.837,2.761,3707537000.0,64262000.0,3643275000.0,3707537000.0,0.0,54970000.0,0.0,0.0,0.0,210425000.0,265395000.0,0.183,265395000.0,210425000.0,155920000.0,0.45,0.445,0.45,1906679000.0,,1906679000.0,9334171000.0,11.0,9.036,81286000.0,0.389,1.0,441487000.0,0.305,4021871000.0,54505000.0,5345862000.0,,82494000.0,77783000.0,51614000.0,26169000.0,5265214000.0,1123750000.0,4141464000.0,5951844000.0,60961000.0,-30394000.0,20900000.0,-1596000.0,0.0,9692000.0,-108926000.0,-14000.0,160195000.0,0.0,93910000.0,93910000.0,93910000.0,0.0,13828000.0,0.065,220892000.0,220595000.0,212661000.0,0.0,3.122,16.464,16.621,1011702000.0,0.0,28.505,1.072,1.073,1286764000.0,1791085000.0,1447135000.0,1447135000.0,0.0,,,,,13670000.0,128617000.0,1.0,208800000.0,209113540.0,211155646.0,6.92,3150022000.0,219160000.0,62010000.0,214477000.0,15.064,940239000.0
52,DVA,MRQ,2008-06-30,2008-06-30,2008-06-30,2021-08-03,-5051000.0,7049560000.0,,1989239000.0,5060321000.0,,8.491,-80334000.0,326986000.0,326986000.0,973286000.0,107828000.0,1.731,2.961,3709313000.0,52195000.0,3657118000.0,3709313000.0,0.0,52892000.0,0.0,0.0,0.0,208544000.0,261436000.0,0.186,261436000.0,208544000.0,153224000.0,0.455,0.45,0.455,1779879000.0,,1779879000.0,8788830000.0,11.0,8.487,66711000.0,0.318,1.0,434018000.0,0.308,4002827000.0,55320000.0,5279600000.0,,81222000.0,77384000.0,51138000.0,26246000.0,5269681000.0,1149460000.0,4120221000.0,5562711000.0,-152330000.0,-41092000.0,-158284000.0,2049000.0,0.0,-178093000.0,-121282000.0,87000.0,147045000.0,0.0,94951000.0,94951000.0,94951000.0,0.0,12877000.0,0.067,215588000.0,218430000.0,207206000.0,0.0,3.125,15.364,15.535,985503000.0,0.0,26.565,1.025,1.026,1267008000.0,1697175000.0,1407304000.0,1407304000.0,0.0,,,,,10670000.0,125199000.0,1.0,209400000.0,209629634.0,211234346.0,6.713,3046733000.0,228129000.0,58273000.0,181419000.0,14.534,839779000.0
53,DVA,MRQ,2008-03-31,2008-03-31,2008-03-31,2021-08-03,-13640000.0,6990432000.0,,2018477000.0,4971955000.0,,8.375,-64673000.0,479316000.0,479316000.0,930209000.0,96008000.0,1.885,2.887,3705435000.0,35626000.0,3669809000.0,3705435000.0,0.0,52811000.0,0.0,0.0,0.0,201570000.0,254381000.0,0.189,254381000.0,201570000.0,142504000.0,0.405,0.4,0.405,1798326000.0,,1798326000.0,8389696000.0,9.0,7.697,43239000.0,0.201,1.0,414515000.0,0.308,3950067000.0,59066000.0,5195750000.0,,76807000.0,76951000.0,45859000.0,31092000.0,5192106000.0,1070734000.0,4121372000.0,5129424000.0,32270000.0,-5671000.0,1381000.0,-1703000.0,0.0,-9381000.0,-66261000.0,4080000.0,107912000.0,0.0,86934000.0,86934000.0,86934000.0,0.0,9074000.0,0.065,208207000.0,206308000.0,211600000.0,0.0,2.852,13.081,12.908,954858000.0,0.0,23.88,0.962,0.962,1145075000.0,1602224000.0,1344724000.0,1344724000.0,0.0,,,,,10755000.0,120765000.0,1.0,214800000.0,214734712.0,216478720.0,6.262,3040365000.0,241816000.0,55570000.0,219324000.0,14.159,947743000.0
54,DVA,MRQ,2007-12-31,2007-12-31,2007-12-31,2021-08-03,-2511000.0,6943960000.0,,1976250000.0,4967710000.0,,8.102,-96134000.0,447046000.0,447046000.0,927503000.0,132582000.0,1.819,3.009,3707318000.0,23431000.0,3683887000.0,3707318000.0,0.0,51392000.0,0.0,0.0,0.0,200429000.0,251821000.0,0.186,251821000.0,200429000.0,137778000.0,0.405,0.395,0.405,1732250000.0,,1732250000.0,9326542000.0,11.0,8.652,175221000.0,0.82,1.0,427366000.0,0.315,3950975000.0,62651000.0,5166761000.0,,80173000.0,82286000.0,40278000.0,42008000.0,5211710000.0,1086496000.0,4125214000.0,6012545000.0,55746000.0,-45312000.0,15146000.0,-967000.0,0.0,-11719000.0,-203890000.0,-68355000.0,271355000.0,0.0,85717000.0,85717000.0,85717000.0,0.0,46865000.0,0.063,221375000.0,205991000.0,225461000.0,0.0,3.471,15.749,15.609,939326000.0,0.0,28.175,1.142,1.134,1126693000.0,1515290000.0,1354869000.0,1354869000.0,0.0,,,,,12768000.0,134987000.0,1.0,213400000.0,213793200.0,216571110.0,6.337,2992985000.0,247578000.0,52061000.0,182547000.0,13.999,889754000.0
55,DVA,MRQ,2007-09-30,2007-09-30,2007-09-30,2021-08-03,5010000.0,6781435000.0,,1920520000.0,4860915000.0,,7.663,-71079000.0,391300000.0,391300000.0,890243000.0,94455000.0,1.844,3.167,3705297000.0,9711000.0,3695586000.0,3705297000.0,0.0,49230000.0,0.0,0.0,0.0,218690000.0,267920000.0,0.203,267920000.0,218690000.0,155975000.0,0.445,0.44,0.445,1627266000.0,,1627266000.0,9989191000.0,11.0,9.399,24699000.0,0.116,1.0,428138000.0,0.325,3914583000.0,62715000.0,5139269000.0,,75611000.0,32248000.0,22177000.0,10071000.0,5154169000.0,1041580000.0,4112589000.0,6678126000.0,-5602000.0,-75520000.0,21868000.0,-2654000.0,0.0,32096000.0,-133476000.0,9102000.0,95778000.0,0.0,94455000.0,94455000.0,94455000.0,0.0,0.0,0.072,203933000.0,224205000.0,245976000.0,0.0,4.104,18.04,17.949,894164000.0,0.0,31.59,1.289,1.294,1162567000.0,1429573000.0,1318381000.0,1318381000.0,0.0,,,,,10337000.0,120596000.0,1.0,211400000.0,212342946.0,215122278.0,6.209,2866852000.0,241212000.0,61520000.0,186443000.0,13.501,878940000.0
56,DVA,MRQ,2007-06-30,2007-06-30,2007-06-30,2021-08-03,13013000.0,6671382000.0,,1887480000.0,4783902000.0,,7.115,-55555000.0,396902000.0,396902000.0,891013000.0,125024000.0,1.758,3.446,3707967000.0,9564000.0,3698403000.0,3707967000.0,0.0,47058000.0,0.0,0.0,0.0,268875000.0,315933000.0,0.241,315933000.0,268875000.0,205964000.0,0.595,0.585,0.595,1500656000.0,,1500656000.0,9072686000.0,10.0,8.547,70346000.0,0.334,1.0,421722000.0,0.321,3853882000.0,62911000.0,5055096000.0,,69860000.0,38110000.0,21947000.0,16163000.0,5170726000.0,1073469000.0,4097257000.0,5673564000.0,40518000.0,-6171000.0,7401000.0,-47996000.0,0.0,-35685000.0,-49698000.0,11907000.0,125901000.0,0.0,125024000.0,125024000.0,125024000.0,0.0,0.0,0.095,203434000.0,218288000.0,220540000.0,0.0,3.781,15.31,15.22,866370000.0,0.0,26.94,1.112,1.114,1132111000.0,1335118000.0,1312735000.0,1312735000.0,0.0,,,,,9708000.0,122432000.0,1.0,210600000.0,210902612.0,214022496.0,6.224,2817500000.0,233334000.0,80940000.0,185481000.0,13.359,814011000.0
57,DVA,MRQ,2007-03-31,2007-03-31,2007-03-31,2021-08-03,13767000.0,6537997000.0,,1748032000.0,4789965000.0,,6.447,-49444000.0,356384000.0,356384000.0,881585000.0,76582000.0,1.676,3.828,3755506000.0,34133000.0,3721373000.0,3755506000.0,0.0,45790000.0,0.0,0.0,0.0,196512000.0,242302000.0,0.19,242302000.0,196512000.0,127642000.0,0.365,0.36,0.365,1354143000.0,,1354143000.0,9034317000.0,12.0,9.402,38587000.0,0.184,1.0,396581000.0,0.31,3857832000.0,68870000.0,5036241000.0,,69452000.0,41416000.0,5815000.0,35601000.0,5183854000.0,1043046000.0,4140808000.0,5593268000.0,46182000.0,-91000.0,12137000.0,4315000.0,0.0,17830000.0,-59679000.0,-10089000.0,88031000.0,0.0,76582000.0,76582000.0,76582000.0,0.0,0.0,0.06,192646000.0,203935000.0,205299000.0,0.0,4.13,18.113,18.014,854797000.0,0.0,26.66,1.12,1.121,1052690000.0,1210094000.0,1278166000.0,1278166000.0,0.0,,,,,8583000.0,113221000.0,1.0,209800000.0,210026280.0,213478432.0,6.086,2680165000.0,235191000.0,51060000.0,194628000.0,12.761,704986000.0
58,DVA,MRQ,2006-12-31,2006-12-31,2006-12-31,2021-08-03,12997000.0,6491816000.0,,1709496000.0,4782320000.0,,5.979,-81283000.0,310202000.0,310202000.0,872556000.0,74129000.0,1.537,4.21,3751251000.0,20871000.0,3730380000.0,3751251000.0,0.0,45209000.0,0.0,0.0,0.0,191426000.0,236635000.0,0.186,236635000.0,191426000.0,121519000.0,0.355,0.35,0.355,1245924000.0,,1245924000.0,9479993000.0,13.0,10.236,108825000.0,0.522,1.0,400061000.0,0.314,3871574000.0,69907000.0,4949119000.0,,89119000.0,19721000.0,4734000.0,14987000.0,5245892000.0,1112172000.0,4133720000.0,5915520000.0,49924000.0,-24698000.0,9406000.0,-74135000.0,0.0,-54922000.0,-85262000.0,20567000.0,190108000.0,0.0,74129000.0,74129000.0,74129000.0,0.0,0.0,0.058,202574000.0,197487000.0,251686000.0,0.0,4.748,20.42,20.314,849966000.0,0.0,28.44,1.212,1.206,1081227000.0,1129621000.0,1272617000.0,1272617000.0,0.0,,,,,8502000.0,124457000.0,1.0,208000000.0,208389590.0,212485532.0,6.107,2620242000.0,199090000.0,47390000.0,150272000.0,12.574,597324000.0
59,DVA,MRQ,2006-09-30,2006-09-30,2006-09-30,2021-08-03,14091000.0,6344130000.0,,1612758000.0,4731372000.0,,5.525,-66063000.0,260278000.0,260278000.0,857049000.0,94856000.0,1.596,4.532,3824751000.0,6640000.0,3818111000.0,3824751000.0,0.0,44478000.0,0.0,0.0,0.0,222130000.0,266608000.0,0.216,266608000.0,222130000.0,154226000.0,0.455,0.45,0.455,1146812000.0,,1146812000.0,9600068000.0,13.0,10.66,30874000.0,0.149,1.0,379992000.0,0.307,3871849000.0,67904000.0,5026397000.0,,99336000.0,2179000.0,0.0,2179000.0,5197318000.0,1010357000.0,4186961000.0,5995332000.0,-79041000.0,-1128000.0,5246000.0,-119304000.0,0.0,-108668000.0,-67310000.0,0.0,96937000.0,0.0,94856000.0,94856000.0,94856000.0,-1765000.0,0.0,0.077,189910000.0,190082000.0,227650000.0,0.0,5.228,21.434,21.354,813055000.0,0.0,28.935,1.264,1.267,1032540000.0,1055492000.0,1237041000.0,1237041000.0,0.0,,,,,7982000.0,113447000.0,1.0,207200000.0,207569020.0,211847952.0,5.96,2472281000.0,198372000.0,59370000.0,147243000.0,11.911,602401000.0
60,DVA,MRQ,2006-06-30,2006-06-30,2006-06-30,2021-08-03,24434000.0,6341411000.0,,1629623000.0,4711788000.0,,5.039,-67371000.0,339319000.0,339319000.0,842973000.0,63237000.0,1.661,5.081,3944055000.0,5008000.0,3939047000.0,3944055000.0,0.0,41717000.0,0.0,0.0,0.0,173633000.0,215350000.0,0.178,215350000.0,173633000.0,105197000.0,0.305,0.3,0.305,1042844000.0,,1042844000.0,8899434000.0,14.0,11.554,188719000.0,0.912,1.0,364843000.0,0.302,3864912000.0,68436000.0,5100188000.0,,93362000.0,1936000.0,0.0,1936000.0,5298567000.0,981047000.0,4317520000.0,5134010000.0,60173000.0,-36023000.0,4878000.0,-100308000.0,0.0,-91908000.0,-104009000.0,0.0,256090000.0,0.0,63237000.0,63237000.0,63237000.0,0.0,0.0,0.052,184391000.0,180452000.0,190096000.0,0.0,4.923,21.385,21.149,787378000.0,0.0,24.85,1.237,1.239,994896000.0,960636000.0,1207816000.0,1207816000.0,0.0,,,,,6354000.0,111444000.0,1.0,206600000.0,206958124.0,211290416.0,5.836,2476499000.0,177426000.0,41960000.0,138455000.0,11.966,648576000.0
61,DVA,MRQ,2006-03-31,2006-03-31,2006-03-31,2021-08-03,21004000.0,6189454000.0,,1537439000.0,4652015000.0,,4.692,-47991000.0,279146000.0,279146000.0,817773000.0,57469000.0,1.854,5.43,4044570000.0,5237000.0,4039333000.0,4044570000.0,0.0,41891000.0,0.0,0.0,0.0,165638000.0,207529000.0,0.178,207529000.0,165638000.0,95179000.0,0.28,0.275,0.28,962532000.0,,962532000.0,9884874000.0,18.0,14.369,-71555000.0,-0.349,1.0,345415000.0,0.297,3836382000.0,70459000.0,5289371000.0,,88255000.0,3028000.0,0.0,3028000.0,5226922000.0,829125000.0,4397797000.0,6159483000.0,-152665000.0,-2476000.0,21063000.0,-113212000.0,0.0,-73619000.0,-55482000.0,0.0,-23564000.0,0.0,57469000.0,57469000.0,57469000.0,0.0,0.0,0.049,176139000.0,169276000.0,178298000.0,0.0,6.399,26.806,26.524,759853000.0,0.0,30.105,1.731,1.736,995112000.0,897399000.0,1163188000.0,1163188000.0,0.0,,,,,6675000.0,104168000.0,1.0,204600000.0,205162910.0,210776838.0,5.67,2353072000.0,152304000.0,37710000.0,112631000.0,11.469,708314000.0
62,DVA,MRQ,2005-12-31,2005-12-31,2005-12-31,2021-08-03,14806000.0,6279762000.0,,1654408000.0,4625354000.0,,4.176,-63836000.0,431811000.0,431811000.0,799291000.0,64149000.0,1.672,6.383,4157202000.0,71767000.0,4085435000.0,4157202000.0,0.0,42639000.0,0.0,0.0,0.0,168420000.0,211059000.0,0.186,211059000.0,168420000.0,95534000.0,0.315,0.31,0.315,850609000.0,,850609000.0,6177906000.0,13.0,10.101,119508000.0,0.587,1.0,334024000.0,0.295,3830327000.0,72886000.0,5185093000.0,,69130000.0,3181000.0,0.0,3181000.0,5429153000.0,989733000.0,4439420000.0,5150088000.0,94615000.0,-2787736000.0,5306000.0,2784524000.0,0.0,2742507000.0,-2831236000.0,20308000.0,183344000.0,0.0,64149000.0,64149000.0,64149000.0,-7738000.0,0.0,0.057,169337000.0,164687000.0,212049000.0,0.0,6.055,22.525,22.308,750078000.0,0.0,25.32,1.732,1.716,970180000.0,839930000.0,1133315000.0,1133315000.0,0.0,,,,,4816000.0,97524000.0,1.0,203400000.0,203696588.0,209720150.0,5.564,2449435000.0,144824000.0,31385000.0,167458000.0,12.025,664675000.0
63,DVA,MRQ,2005-09-30,2005-09-30,2005-09-30,2021-08-03,11001000.0,2868535000.0,,1029181000.0,1839354000.0,,3.813,-31624000.0,337196000.0,337196000.0,435212000.0,55217000.0,2.185,2.713,1365014000.0,4349000.0,1360665000.0,1365014000.0,0.0,26372000.0,0.0,0.0,0.0,109942000.0,136314000.0,0.211,136314000.0,109942000.0,85658000.0,0.275,0.265,0.275,772533000.0,,772533000.0,5706176000.0,14.0,11.001,52985000.0,0.262,1.0,209680000.0,0.325,1339906000.0,24284000.0,2085456000.0,,36032000.0,2526000.0,0.0,2526000.0,2096002000.0,470991000.0,1625011000.0,4653070000.0,24435000.0,-35857000.0,8841000.0,-953000.0,0.0,7306000.0,-67480000.0,0.0,84609000.0,0.0,55217000.0,55217000.0,55217000.0,-4303000.0,0.0,0.086,97692000.0,111988000.0,99080000.0,0.0,6.023,21.045,20.659,452033000.0,0.0,23.035,1.992,1.999,502887000.0,775781000.0,644892000.0,644892000.0,0.0,,,,,9313000.0,60820000.0,1.0,202000000.0,202614922.0,208743578.0,3.183,1528629000.0,104772000.0,30441000.0,184168000.0,7.545,558190000.0
64,DVA,MRQ,2005-06-30,2005-06-30,2005-06-30,2021-08-03,-1331000.0,2751493000.0,,979208000.0,1772285000.0,,3.418,-40280000.0,312761000.0,312761000.0,413225000.0,52943000.0,2.134,3.006,1365867000.0,4480000.0,1361387000.0,1365867000.0,0.0,25860000.0,0.0,0.0,0.0,107181000.0,133041000.0,0.216,133041000.0,107181000.0,82296000.0,0.265,0.255,0.265,686830000.0,,686830000.0,5603021000.0,13.0,10.831,65915000.0,0.328,1.0,203860000.0,0.33,1317391000.0,24885000.0,2028357000.0,,35480000.0,2054000.0,0.0,2054000.0,2064663000.0,458851000.0,1605812000.0,4552548000.0,-5118000.0,-80138000.0,12741000.0,-2485000.0,0.0,9490000.0,-120803000.0,0.0,106195000.0,0.0,52943000.0,52943000.0,52943000.0,-4816000.0,0.0,0.086,95753000.0,108107000.0,101381000.0,0.0,6.628,20.12,19.86,440601000.0,0.0,22.74,1.992,1.999,489970000.0,720564000.0,617085000.0,617085000.0,0.0,,,,,11774000.0,59856000.0,1.0,200200000.0,200953174.0,207690060.0,3.071,1434102000.0,95980000.0,29353000.0,157041000.0,7.136,520357000.0
65,DVA,MRQ,2005-03-31,2005-03-31,2005-03-31,2021-08-03,7710000.0,2649812000.0,,961917000.0,1687895000.0,,3.111,-25625000.0,317879000.0,317879000.0,387515000.0,56334000.0,2.222,3.285,1368352000.0,6346000.0,1362006000.0,1368352000.0,0.0,24848000.0,0.0,0.0,0.0,106361000.0,131209000.0,0.227,131209000.0,106361000.0,88830000.0,0.285,0.275,0.285,618413000.0,,618413000.0,5267003000.0,13.0,10.485,85781000.0,0.431,1.0,191111000.0,0.33,1240200000.0,17531000.0,2027224000.0,,34697000.0,3356000.0,0.0,3356000.0,2031399000.0,432861000.0,1598538000.0,4143150000.0,65900000.0,176000.0,17031000.0,-7480000.0,0.0,-19662000.0,-25844000.0,0.0,111406000.0,0.0,56334000.0,56334000.0,56334000.0,-4364000.0,0.0,0.097,88433000.0,102678000.0,91366000.0,0.0,6.7,18.355,18.275,415713000.0,0.0,20.925,1.866,1.873,472983000.0,667621000.0,578626000.0,578626000.0,0.0,,,,,15934000.0,54263000.0,1.0,198000000.0,198799224.0,206300598.0,2.911,1409612000.0,91917000.0,32496000.0,185876000.0,7.091,529056000.0
66,DVA,MRQ,2004-12-31,2004-12-31,2004-12-31,2021-08-03,1730000.0,2511959000.0,,868720000.0,1643239000.0,,2.669,-38456000.0,251979000.0,251979000.0,334698000.0,56602000.0,1.967,3.802,1375832000.0,53364000.0,1322468000.0,1375832000.0,0.0,23212000.0,0.0,0.0,0.0,94925000.0,118137000.0,0.239,118137000.0,94925000.0,79149000.0,0.29,0.275,0.29,523134000.0,,523134000.0,5019150000.0,12.0,10.25,48885000.0,0.249,1.0,160040000.0,0.323,1216945000.0,15776000.0,1977132000.0,,31843000.0,3332000.0,0.0,3332000.0,1988825000.0,441735000.0,1547090000.0,3858128000.0,25037000.0,-10276000.0,33451000.0,-12224000.0,0.0,-13572000.0,-48732000.0,0.0,87341000.0,0.0,56602000.0,56602000.0,56602000.0,-17746000.0,0.0,0.114,81431000.0,78609000.0,96231000.0,0.0,7.375,17.359,17.569,412064000.0,0.0,19.765,1.772,1.792,500514000.0,611287000.0,494738000.0,494738000.0,0.0,,,,,12305000.0,53151000.0,1.0,195200000.0,195980004.0,203728398.0,2.524,1295014000.0,78593000.0,22547000.0,149866000.0,6.608,426985000.0
67,DVA,MRQ,2004-09-30,2004-09-30,2004-09-30,2021-08-03,-360000.0,2430891000.0,,826874000.0,1604017000.0,,2.281,-34733000.0,226942000.0,226942000.0,396909000.0,60386000.0,1.855,4.374,1387964000.0,53277000.0,1334687000.0,1387964000.0,0.0,22257000.0,0.0,0.0,0.0,112662000.0,134919000.0,0.227,134919000.0,112662000.0,98921000.0,0.305,0.295,0.305,452336000.0,,452336000.0,4073989000.0,10.0,8.206,81119000.0,0.409,1.0,198622000.0,0.334,1199196000.0,13741000.0,1947064000.0,,30666000.0,4381000.0,0.0,4381000.0,1978555000.0,445653000.0,1532902000.0,3130575000.0,26241000.0,-212658000.0,-86559000.0,242967000.0,0.0,157835000.0,-247446000.0,0.0,115852000.0,0.0,60386000.0,60386000.0,60386000.0,0.0,0.0,0.101,83377000.0,115245000.0,84365000.0,0.0,6.921,13.704,13.369,392072000.0,0.0,15.575,1.464,1.444,434669000.0,554685000.0,595531000.0,595531000.0,0.0,,,,,5417000.0,50600000.0,1.0,201000000.0,198337860.0,205779562.0,3.003,1231695000.0,78581000.0,38535000.0,160751000.0,6.21,381221000.0
68,DVA,MRQ,2004-06-30,2004-06-30,2004-06-30,2021-08-03,2187000.0,2136374000.0,,748433000.0,1387941000.0,,2.363,-30458000.0,200701000.0,200701000.0,375139000.0,52401000.0,1.947,3.534,1144115000.0,49868000.0,1094247000.0,1144115000.0,0.0,20927000.0,0.0,0.0,0.0,97134000.0,118061000.0,0.214,118061000.0,97134000.0,85876000.0,0.265,0.25,0.265,471208000.0,,471208000.0,4063565000.0,11.0,8.836,60178000.0,0.302,1.0,176491000.0,0.32,1008634000.0,11258000.0,1686775000.0,,28337000.0,3791000.0,0.0,3791000.0,1665166000.0,384379000.0,1280787000.0,3061419000.0,47545000.0,-12867000.0,0.0,-11187000.0,0.0,454000.0,-43545000.0,0.0,90636000.0,0.0,52401000.0,52401000.0,52401000.0,0.0,0.0,0.095,76521000.0,99970000.0,71805000.0,0.0,6.497,14.852,14.611,363164000.0,0.0,15.415,1.489,1.494,402046000.0,494299000.0,551630000.0,551630000.0,0.0,,,,,10659000.0,45727000.0,1.0,198600000.0,199372364.0,208020712.0,2.767,1127740000.0,76513000.0,33475000.0,148458000.0,5.656,364054000.0
69,DVA,MRQ,2004-03-31,2004-03-31,2004-03-31,2021-08-03,-3493000.0,2050354000.0,,689495000.0,1360859000.0,,1.992,-24681000.0,153156000.0,153156000.0,363429000.0,52865000.0,1.807,4.246,1155302000.0,50025000.0,1105277000.0,1155302000.0,0.0,20270000.0,0.0,0.0,0.0,98276000.0,118546000.0,0.221,118546000.0,98276000.0,86640000.0,0.27,0.255,0.27,390826000.0,,390826000.0,4230400855.0,12.0,9.54,101435000.0,0.517,1.0,172002000.0,0.321,998464000.0,11636000.0,1672499000.0,,26187000.0,3348000.0,0.0,3348000.0,1659528000.0,381537000.0,1277991000.0,3124498855.0,91499000.0,-14897000.0,0.0,-12257000.0,0.0,5321000.0,-39938000.0,0.0,126116000.0,0.0,52865000.0,52865000.0,52865000.0,0.0,0.0,0.099,72451000.0,99551000.0,80711000.0,0.0,7.995,16.253,15.917,349868000.0,0.0,15.917,1.566,1.565,400444000.0,441993000.0,535431000.0,535431000.0,0.0,,,,,14389000.0,42604000.0,1.0,196303593.0,196198952.0,205766906.0,2.729,1051890000.0,66530000.0,33775000.0,142520000.0,5.361,307958000.0
70,DVA,MRQ,2003-12-31,2003-12-31,2003-12-31,2021-08-03,-924000.0,1945530000.0,,605058000.0,1340472000.0,,1.592,-36241000.0,61657000.0,61657000.0,287061000.0,62798000.0,1.668,5.34,1167559000.0,50557000.0,1117002000.0,1167559000.0,0.0,19985000.0,0.0,0.0,0.0,104955000.0,124940000.0,0.274,124940000.0,104955000.0,93196000.0,0.325,0.295,0.325,306871000.0,,306871000.0,3535063000.0,10.0,8.368,-1665000.0,-0.009,1.0,169245000.0,0.371,984159000.0,11759000.0,1704453000.0,,32853000.0,3095000.0,0.0,3095000.0,1638659000.0,362820000.0,1275839000.0,2484300000.0,-210452000.0,-29508000.0,-24125000.0,-162233000.0,0.0,-179029000.0,-65999000.0,0.0,34576000.0,0.0,62798000.0,62798000.0,62798000.0,-11313000.0,0.0,0.138,64812000.0,104433000.0,71868000.0,0.0,8.096,14.132,13.978,342447000.0,0.0,13.0,1.294,1.278,387933000.0,389083000.0,456306000.0,456306000.0,0.0,,,,,9940000.0,40338000.0,1.0,191100000.0,192789622.0,206693046.0,2.367,961371000.0,59740000.0,30398000.0,133072000.0,4.987,242238000.0
71,DVA,MRQ,2003-09-30,2003-09-30,2003-09-30,2021-08-03,0.0,2037865000.0,,740576000.0,1297289000.0,,1.284,-21954000.0,272109000.0,272109000.0,347895000.0,38060000.0,1.949,7.129,1322872000.0,50224000.0,1272648000.0,1322872000.0,0.0,19336000.0,0.0,0.0,0.0,79021000.0,98357000.0,0.192,98357000.0,79021000.0,62910000.0,0.195,0.18,0.195,250688000.0,,250688000.0,3258090000.0,9.0,7.519,77691000.0,0.398,1.0,165387000.0,0.322,961296000.0,16111000.0,1747261000.0,,25743000.0,3064000.0,0.0,3064000.0,1787177000.0,380071000.0,1407106000.0,2116695000.0,-43497000.0,-19034000.0,-83037000.0,-21579000.0,0.0,-100860000.0,-42282000.0,0.0,99645000.0,0.0,38060000.0,38060000.0,38060000.0,0.0,0.0,0.074,68470000.0,96917000.0,71166000.0,0.0,8.444,12.32,11.763,321368000.0,0.0,10.61,1.077,1.054,356542000.0,326330000.0,513282000.0,513282000.0,0.0,,,,,4541000.0,39920000.0,1.0,199500000.0,195308894.0,229498086.0,2.628,1076569000.0,53065000.0,24850000.0,114324000.0,5.512,360505000.0
72,DVA,MRQ,2003-06-30,2003-06-30,2003-06-30,2021-08-03,0.0,2049391000.0,,765867000.0,1283524000.0,,0.863,-20369000.0,315606000.0,315606000.0,335986000.0,38520000.0,2.118,11.916,1457001000.0,47314000.0,1409687000.0,1457001000.0,0.0,17921000.0,0.0,0.0,0.0,83690000.0,101611000.0,0.207,101611000.0,83690000.0,64195000.0,0.21,0.185,0.21,158674000.0,,158674000.0,2795757000.0,7.0,6.055,58409000.0,0.318,1.0,153897000.0,0.314,962912000.0,19495000.0,1866335000.0,,30111000.0,3266000.0,0.0,3266000.0,1890717000.0,361539000.0,1529178000.0,1636258000.0,10612000.0,-45585000.0,-3502000.0,-7542000.0,0.0,-3266000.0,-64900000.0,0.0,78778000.0,0.0,38520000.0,38520000.0,38520000.0,0.0,0.0,0.079,69284000.0,84613000.0,83821000.0,0.0,10.312,8.707,9.044,314374000.0,0.0,8.927,0.846,0.849,346209000.0,288270000.0,489883000.0,489883000.0,0.0,,,,,4321000.0,42583000.0,1.0,183300000.0,183917864.0,237566162.0,2.664,1086479000.0,47666000.0,25675000.0,98673000.0,5.907,404328000.0
73,DVA,MRQ,2003-03-31,2003-03-31,2003-03-31,2021-08-03,0.0,1979674000.0,,742426000.0,1237248000.0,,0.611,-21708000.0,304994000.0,304994000.0,316710000.0,36413000.0,2.199,16.746,1464493000.0,43908000.0,1420585000.0,1464493000.0,0.0,17445000.0,0.0,0.0,0.0,80119000.0,97564000.0,0.212,97564000.0,80119000.0,60663000.0,0.2,0.173,0.2,111557000.0,,111557000.0,2483939447.0,7.0,6.084,58941000.0,0.323,1.0,143097000.0,0.311,925529000.0,19456000.0,1875995000.0,,25465000.0,3368000.0,0.0,3368000.0,1868117000.0,337649000.0,1530468000.0,1261184447.0,208519000.0,1213000.0,3502000.0,145163000.0,0.0,148665000.0,-20795000.0,0.0,80649000.0,0.0,36413000.0,36413000.0,36413000.0,0.0,0.0,0.079,62469000.0,80628000.0,71295000.0,0.0,11.305,7.994,8.531,305742000.0,0.0,6.91,0.668,0.669,346145000.0,249750000.0,459807000.0,459807000.0,0.0,,,,,1378000.0,36787000.0,1.0,182515839.0,182715168.0,236317230.0,2.517,1054145000.0,41773000.0,24250000.0,98931000.0,5.769,404777000.0
74,DVA,MRQ,2002-12-31,2002-12-31,2002-12-31,2021-08-03,0.0,1775693000.0,,544526000.0,1231167000.0,,0.386,-35713000.0,96475000.0,96475000.0,317061000.0,58811000.0,1.861,24.272,1319230000.0,7978000.0,1311252000.0,1319230000.0,0.0,16895000.0,0.0,0.0,0.0,118869000.0,135764000.0,0.27,135764000.0,118869000.0,99411000.0,0.297,0.25,0.297,70264000.0,,70264000.0,2699187000.0,8.0,6.688,30605000.0,0.168,1.0,186035000.0,0.37,927945000.0,19458000.0,1777902000.0,,34929000.0,3227000.0,0.0,3227000.0,1705429000.0,292601000.0,1412828000.0,1492535000.0,-18886000.0,-4956000.0,-70691000.0,-2883000.0,0.0,-44335000.0,-40869000.0,0.0,66318000.0,0.0,58811000.0,58811000.0,58811000.0,0.0,0.0,0.117,65856000.0,120179000.0,77890000.0,0.0,21.242,9.487,11.265,298475000.0,0.0,8.223,0.805,0.955,344292000.0,213337000.0,503096000.0,503096000.0,0.0,,,,,4177000.0,41338000.0,1.0,181500000.0,181963360.0,237043584.0,2.765,847748000.0,40163000.0,40600000.0,75839000.0,4.659,251925000.0
75,DVA,MRQ,2002-09-30,2002-09-30,2002-09-30,2021-08-03,0.0,1767974000.0,,558056000.0,1209918000.0,,0.253,-23308000.0,115361000.0,115361000.0,308438000.0,54170000.0,1.717,35.296,1322013000.0,8166000.0,1313847000.0,1322013000.0,0.0,16267000.0,0.0,0.0,0.0,110537000.0,126804000.0,0.264,126804000.0,110537000.0,90570000.0,0.28,0.24,0.28,48710000.0,,48710000.0,2695472000.0,9.0,7.33,110452000.0,0.574,1.0,172756000.0,0.359,926060000.0,19967000.0,1723555000.0,,21931000.0,3266000.0,0.0,3266000.0,1719264000.0,325011000.0,1394253000.0,1508040000.0,-21659000.0,-8922000.0,-120625000.0,-2439000.0,0.0,-123077000.0,-32342000.0,0.0,133760000.0,0.0,54170000.0,54170000.0,54170000.0,0.0,0.0,0.113,61432000.0,111324000.0,77846000.0,0.0,30.96,11.505,13.493,278761000.0,0.0,7.867,0.847,0.85,339955000.0,154526000.0,481194000.0,481194000.0,0.0,,,,,1731000.0,37048000.0,1.0,191700000.0,192385467.0,247268790.0,2.501,841914000.0,63741000.0,36400000.0,83383000.0,4.376,233045000.0
76,DVA,MRQ,2002-06-30,2002-06-30,2002-06-30,2021-08-03,0.0,1784650000.0,,591312000.0,1193338000.0,,0.474,-27576000.0,137020000.0,137020000.0,300552000.0,8370000.0,2.037,14.733,1324452000.0,8299000.0,1316153000.0,1324452000.0,0.0,15698000.0,0.0,0.0,0.0,32437000.0,48135000.0,0.109,48135000.0,32437000.0,15298000.0,0.033,0.033,0.033,113434000.0,,113434000.0,2769206107.0,10.0,7.612,30857000.0,0.129,1.0,142125000.0,0.321,920678000.0,17139000.0,1761076000.0,,31769000.0,3449000.0,0.0,3449000.0,1671216000.0,290328000.0,1380888000.0,2000599107.0,105323000.0,1311000.0,-399329000.0,483238000.0,0.0,73185000.0,-26295000.0,0.0,58433000.0,0.0,8370000.0,8370000.0,8370000.0,0.0,0.0,0.019,61214000.0,80911000.0,77374000.0,0.0,17.637,16.509,16.632,267335000.0,0.0,7.933,1.154,1.095,347064000.0,100356000.0,442677000.0,442677000.0,0.0,,,,,7373000.0,39634000.0,1.0,252176358.0,239354523.0,249067242.0,1.849,863972000.0,61607000.0,6928000.0,48081000.0,3.61,300984000.0
77,DVA,MRQ,2002-03-31,2002-03-31,2002-03-31,2021-08-03,0.0,1664832000.0,,475293000.0,1189539000.0,,1.997,-16115000.0,31697000.0,31697000.0,291634000.0,35978000.0,1.519,2.35,800304000.0,1597000.0,798707000.0,800304000.0,0.0,15805000.0,0.0,0.0,0.0,77050000.0,92855000.0,0.217,92855000.0,77050000.0,61978000.0,0.143,0.133,0.143,497020000.0,,497020000.0,2867699170.0,9.0,6.951,67369000.0,0.271,1.0,136031000.0,0.318,927321000.0,15072000.0,1193308000.0,,28179000.0,4145000.0,0.0,4145000.0,1167812000.0,312810000.0,855002000.0,2084186170.0,-5014000.0,-880000.0,-51526000.0,-19920000.0,0.0,-71503000.0,-16995000.0,0.0,83484000.0,0.0,35978000.0,35978000.0,35978000.0,0.0,0.0,0.084,57113000.0,78918000.0,83559000.0,0.0,4.193,14.64,15.06,256046000.0,0.0,8.433,1.232,1.24,344238000.0,91986000.0,427665000.0,427665000.0,0.0,,,,,8931000.0,36053000.0,1.0,247136700.0,248901423.0,306739356.0,1.718,737511000.0,58987000.0,26000000.0,45435000.0,2.963,162483000.0
78,DVA,MRQ,2001-12-31,2001-12-31,2001-12-31,2021-08-03,0.0,1662683000.0,,474664000.0,1188019000.0,,2.004,-21053000.0,36711000.0,36711000.0,290881000.0,32558000.0,1.589,2.301,820224000.0,9034000.0,811190000.0,820224000.0,0.0,26156000.0,0.0,0.0,0.0,73790000.0,99946000.0,0.233,99946000.0,73790000.0,58110000.0,0.127,0.12,0.127,503637000.0,,503637000.0,2843613364.0,9.0,6.767,-3166000.0,-0.013,1.0,138776000.0,0.323,928868000.0,15680000.0,1218647000.0,,34901000.0,4346000.0,0.0,4346000.0,1159046000.0,298681000.0,860365000.0,2068459364.0,-8544000.0,333000.0,-11445000.0,-185000.0,0.0,-5711000.0,-20720000.0,0.0,17887000.0,0.0,32558000.0,32558000.0,32558000.0,0.0,0.0,0.076,63550000.0,75226000.0,74630000.0,0.0,4.107,15.064,14.899,252778000.0,0.0,8.15,1.253,1.241,333546000.0,56008000.0,429657000.0,429657000.0,0.0,,,,,4890000.0,33814000.0,1.0,253798695.0,251304000.0,,1.71,733815000.0,60142000.0,25552000.0,38468000.0,2.92,175983000.0
79,DVA,MRQ,2001-09-30,2001-09-30,2001-09-30,2021-08-03,0.0,1653093000.0,,456104000.0,1196989000.0,,1.889,-11597000.0,45255000.0,45255000.0,277252000.0,44278000.0,1.454,2.461,820409000.0,6432000.0,813977000.0,820409000.0,0.0,26281000.0,0.0,0.0,0.0,96597000.0,122878000.0,0.283,122878000.0,96597000.0,78278000.0,0.173,0.157,0.173,477634000.0,,477634000.0,2580968637.0,9.0,6.478,100549000.0,0.398,1.0,156987000.0,0.362,943558000.0,18319000.0,1171049000.0,,33173000.0,5093000.0,0.0,5093000.0,1175459000.0,313640000.0,861819000.0,1715560637.0,-40003000.0,-11577000.0,2844000.0,-130258000.0,0.0,-128974000.0,-23175000.0,0.0,112146000.0,0.0,44278000.0,44278000.0,44278000.0,0.0,0.0,0.102,60120000.0,96867000.0,80325000.0,0.0,3.592,14.286,14.221,246031000.0,0.0,6.783,1.076,1.076,318035000.0,23450000.0,434239000.0,434239000.0,0.0,,,,,2933000.0,31150000.0,1.0,252908202.0,252908202.0,,1.717,709535000.0,51789000.0,34000000.0,40994000.0,2.806,142464000.0
80,DVA,MRQ,2001-06-30,2001-06-30,2001-06-30,2021-08-03,0.0,1684023000.0,,483341000.0,1200682000.0,,1.716,-11828000.0,85258000.0,85258000.0,271545000.0,29545000.0,1.641,2.939,950666000.0,15419000.0,935247000.0,950666000.0,0.0,26624000.0,0.0,0.0,0.0,70260000.0,96884000.0,0.242,96884000.0,70260000.0,51545000.0,0.117,0.11,0.117,427579000.0,,427579000.0,2610586573.0,11.0,7.477,65099000.0,0.261,1.0,129095000.0,0.322,945821000.0,18715000.0,1309043000.0,,44604000.0,11206000.0,0.0,11206000.0,1256444000.0,294567000.0,961877000.0,1688424573.0,67815000.0,596000.0,3171000.0,11061000.0,0.0,2130000.0,-11242000.0,0.0,76927000.0,0.0,29545000.0,29545000.0,29545000.0,0.0,0.0,0.074,58663000.0,70432000.0,79227000.0,0.0,3.949,19.754,19.757,241538000.0,0.0,6.777,1.109,1.109,297907000.0,-20828000.0,400640000.0,400640000.0,0.0,,,,,6644000.0,32417000.0,1.0,249152667.0,249152667.0,,1.608,738202000.0,42846000.0,22000000.0,1210000.0,2.963,188774000.0
81,DVA,MRQ,2001-03-31,2001-03-31,2001-03-31,2021-08-03,0.0,1625737000.0,,418957000.0,1206780000.0,,1.564,-6755000.0,17443000.0,17443000.0,260974000.0,30934000.0,1.498,3.188,939605000.0,7580000.0,932025000.0,939605000.0,0.0,26148000.0,0.0,0.0,0.0,74358000.0,100506000.0,0.26,100506000.0,74358000.0,54634000.0,0.123,0.117,0.123,388219000.0,,388219000.0,2349268605.0,12.0,7.785,51076000.0,0.206,1.0,125243000.0,0.324,947946000.0,19724000.0,1320260000.0,,45566000.0,12203000.0,0.0,12203000.0,1237518000.0,279693000.0,957825000.0,1404793605.0,-13764000.0,-31074000.0,4630000.0,-36854000.0,0.0,-33766000.0,-37829000.0,0.0,57831000.0,0.0,30934000.0,30934000.0,30934000.0,0.0,0.0,0.08,49776000.0,75467000.0,77345000.0,0.0,3.619,34.625,34.724,242797000.0,0.0,5.66,0.936,0.936,299424000.0,-50373000.0,386217000.0,386217000.0,0.0,,,,,3287000.0,31813000.0,1.0,248196750.0,248196750.0,,1.556,677791000.0,43894000.0,23700000.0,15503000.0,2.731,139264000.0
82,DVA,MRQ,2000-12-31,2000-12-31,2000-12-31,2021-08-03,0.0,1596632000.0,,397875000.0,1198757000.0,,1.427,-9065000.0,31207000.0,31207000.0,256407000.0,15333000.0,1.595,3.57,975682000.0,1676000.0,974006000.0,975682000.0,0.0,27290000.0,0.0,0.0,0.0,50845000.0,78135000.0,0.21,78135000.0,50845000.0,28225000.0,0.063,0.06,0.063,349368000.0,,349368000.0,2445112838.0,15.0,9.066,97237000.0,0.397,1.0,116339000.0,0.312,921623000.0,22620000.0,1369957000.0,,20641000.0,34194000.0,0.0,34194000.0,1247264000.0,249527000.0,997737000.0,1401144838.0,-7367000.0,-11030000.0,1802000.0,-107092000.0,0.0,-93394000.0,-20275000.0,0.0,106302000.0,0.0,15333000.0,15333000.0,15333000.0,0.0,0.0,0.041,64690000.0,51649000.0,74882000.0,0.0,4.011,103.904,100.175,236659000.0,0.0,5.71,0.943,0.94,290412000.0,-81307000.0,372746000.0,372746000.0,0.0,,,,,1589000.0,30164000.0,1.0,245384385.0,244743000.0,,1.523,675009000.0,49624000.0,12892000.0,0.0,2.758,148348000.0
83,DVA,MRQ,2000-09-30,2000-09-30,2000-09-30,2021-08-03,0.0,1671283000.0,,449162000.0,1222121000.0,,1.35,-7372000.0,38574000.0,38574000.0,248734000.0,9660000.0,1.575,4.054,1082542000.0,48907000.0,1033635000.0,1082542000.0,0.0,26927000.0,0.0,0.0,0.0,46687000.0,73614000.0,0.203,73614000.0,46687000.0,20317000.0,0.04,0.04,0.04,330683000.0,,330683000.0,1731244775.0,-33.0,27.951,75221000.0,0.307,1.0,113801000.0,0.314,940083000.0,26370000.0,1489964000.0,,37425000.0,32988000.0,0.0,32988000.0,1340600000.0,285204000.0,1055396000.0,612545775.0,-152098000.0,1798000.0,593000.0,-226827000.0,0.0,-229336000.0,-5355000.0,0.0,82593000.0,0.0,9660000.0,9660000.0,9660000.0,0.0,0.0,0.027,63895000.0,49906000.0,69488000.0,0.0,1.852,-4.016,-4.013,241381000.0,0.0,2.5,0.412,0.412,302640000.0,-96640000.0,362535000.0,362535000.0,0.0,,,,,378000.0,29920000.0,1.0,245018310.0,245018310.0,,1.48,731200000.0,58928000.0,10657000.0,5320000.0,2.984,163958000.0
84,DVA,MRQ,2000-06-30,2000-06-30,2000-06-30,2021-08-03,0.0,1855149000.0,,606309000.0,1248840000.0,,1.31,-7974000.0,190672000.0,190672000.0,267714000.0,-15355000.0,1.862,4.796,1309371000.0,121237000.0,1188134000.0,1309371000.0,0.0,29670000.0,0.0,0.0,0.0,19836000.0,49506000.0,0.131,49506000.0,19836000.0,-14646000.0,-0.063,-0.063,-0.063,320050000.0,,320050000.0,1781021888.0,-28.0,34.223,41875000.0,0.171,1.0,111194000.0,0.293,957322000.0,34482000.0,1690877000.0,,19865000.0,35814000.0,0.0,35814000.0,1535099000.0,325649000.0,1209450000.0,488730888.0,40295000.0,131420000.0,-604000.0,-127894000.0,0.0,-132619000.0,123065000.0,0.0,49849000.0,0.0,-15355000.0,-15355000.0,-15355000.0,0.0,0.0,-0.041,78351000.0,32843000.0,72888000.0,0.0,1.527,-3.056,-3.063,248033000.0,0.0,2.0,0.328,0.328,303355000.0,-106300000.0,378908000.0,378908000.0,0.0,,,,,853000.0,31619000.0,1.0,244365444.0,244365444.0,,1.551,897827000.0,76124000.0,709000.0,0.0,3.674,280660000.0
85,DVA,MRQ,2000-03-31,2000-03-31,2000-03-31,2021-08-03,-4718000.0,2019986000.0,,644501000.0,1375485000.0,,1.359,-16677000.0,150377000.0,150377000.0,259298000.0,3847000.0,0.388,5.099,1442668000.0,1437641000.0,5027000.0,1442668000.0,0.0,27718000.0,0.0,0.0,0.0,40714000.0,68432000.0,0.184,68432000.0,40714000.0,7549000.0,0.017,0.017,0.017,331206000.0,,331206000.0,1604203723.0,-18.0,71.764,45663000.0,0.187,1.0,112815000.0,0.303,1045457000.0,33165000.0,607208000.0,,24665000.0,37350000.0,0.0,37350000.0,1688780000.0,1659612000.0,29168000.0,254293723.0,42396000.0,12597000.0,867000.0,-15223000.0,0.0,-15864000.0,-4080000.0,0.0,62340000.0,0.0,3847000.0,3847000.0,3847000.0,0.0,0.0,0.01,72498000.0,40317000.0,99445000.0,0.0,0.768,-1.526,-1.534,284693000.0,0.0,1.043,0.174,0.174,366100000.0,-90945000.0,372113000.0,372113000.0,0.0,,,,,88000.0,31921000.0,1.0,243732003.0,243732003.0,,1.527,974529000.0,71859000.0,3702000.0,0.0,3.998,-1015111000.0
86,DVA,MRQ,1999-12-31,1999-12-31,1999-12-31,2021-08-03,-4718000.0,2056718000.0,,654748000.0,1401970000.0,,1.341,-21153000.0,107981000.0,107981000.0,262618000.0,-150664000.0,0.385,5.301,1457891000.0,1452195000.0,5696000.0,1457891000.0,0.0,30377000.0,0.0,0.0,0.0,-159991000.0,-129614000.0,-0.347,-129614000.0,-159991000.0,-192397000.0,-0.617,-0.617,-0.617,326404000.0,,326404000.0,1930280360.0,-27.0,46.567,36637000.0,0.15,1.0,110502000.0,0.296,1069672000.0,32406000.0,638412000.0,,32916000.0,35552000.0,0.0,35552000.0,1730314000.0,1698544000.0,31770000.0,543153360.0,37240000.0,6046000.0,201000.0,3043000.0,0.0,-6570000.0,-13980000.0,0.0,57790000.0,0.0,-150664000.0,-150664000.0,-150664000.0,0.0,0.0,-0.404,265366000.0,-154864000.0,121561000.0,0.0,1.664,-3.688,-3.698,285449000.0,0.0,2.23,0.376,0.376,390329000.0,-94792000.0,373120000.0,373120000.0,0.0,,,,,826000.0,44663000.0,1.0,243566529.0,243492000.0,239424000.0,1.532,987046000.0,97993000.0,-41733000.0,0.0,4.054,-1043796000.0
87,DVA,MRQ,1999-09-30,1999-09-30,1999-09-30,2021-08-03,-4718000.0,2193110000.0,,664811000.0,1528299000.0,,1.955,-23705000.0,70741000.0,70741000.0,250433000.0,2259000.0,0.4,3.607,1457868000.0,1442644000.0,15224000.0,1457868000.0,0.0,28956000.0,0.0,0.0,0.0,34762000.0,63718000.0,0.174,63718000.0,34762000.0,4578000.0,0.01,0.01,0.01,476041000.0,,476041000.0,2012033386.0,14.0,8.035,50356000.0,0.207,1.0,116735000.0,0.318,1165996000.0,30184000.0,753406000.0,,0.0,76482000.0,0.0,76482000.0,1717069000.0,1660835000.0,56234000.0,603996386.0,46068000.0,-22110000.0,0.0,22237000.0,0.0,20886000.0,-48220000.0,0.0,74061000.0,-659000.0,2259000.0,2259000.0,2259000.0,0.0,0.0,0.006,81628000.0,35107000.0,0.0,0.0,1.269,36.256,35.429,285821000.0,0.0,2.48,0.428,0.428,457780000.0,55871000.0,367168000.0,367168000.0,0.0,,,,,599000.0,32725000.0,1.0,243546930.0,243495000.0,244683000.0,1.508,1027114000.0,62240000.0,2319000.0,14403000.0,4.218,-996024000.0
88,DVA,MRQ,1999-06-30,1999-06-30,1999-06-30,2021-08-03,-4059000.0,2102463000.0,,599485000.0,1502978000.0,,1.946,-23161000.0,24673000.0,24673000.0,250548000.0,-22059000.0,3.315,3.437,1432710000.0,23633000.0,1409077000.0,1432710000.0,0.0,26758000.0,0.0,0.0,0.0,-6940000.0,19818000.0,0.056,19818000.0,-6940000.0,-31845000.0,-0.09,-0.09,-0.09,473841000.0,,473841000.0,2567326077.0,15.0,9.289,-25905000.0,-0.106,1.0,102271000.0,0.29,1149702000.0,24905000.0,2179972000.0,,0.0,79491000.0,0.0,79491000.0,1628622000.0,180826000.0,1447796000.0,1263042077.0,-15232000.0,-64713000.0,41000.0,82574000.0,0.0,83015000.0,-91780000.0,0.0,-2744000.0,-3723000.0,-22059000.0,-22059000.0,-22059000.0,0.0,0.0,-0.063,108624000.0,-6353000.0,0.0,0.0,2.666,29.748,29.303,273785000.0,0.0,5.187,0.927,0.927,444239000.0,53612000.0,352819000.0,352819000.0,0.0,,,,,1291000.0,29559000.0,1.0,243517110.0,243447000.0,243447000.0,1.449,952761000.0,61199000.0,-9786000.0,14022000.0,3.914,418659000.0
89,DVA,MRQ,1999-03-31,1999-03-31,1999-03-31,2021-08-03,-336000.0,2043507000.0,,581095000.0,1462412000.0,,2.048,-38638000.0,39905000.0,39905000.0,229640000.0,23207000.0,3.253,3.101,1344189000.0,19435000.0,1324754000.0,1344189000.0,0.0,26390000.0,0.0,0.0,0.0,61140000.0,87530000.0,0.248,87530000.0,61140000.0,37837000.0,0.097,0.093,0.097,498291000.0,,498291000.0,2097743723.0,10.0,6.673,3761000.0,0.015,1.0,122604000.0,0.348,1106519000.0,23303000.0,2062656000.0,,0.0,94704000.0,0.0,94704000.0,1545216000.0,178616000.0,1366600000.0,891602723.0,-1582000.0,-98829000.0,1992000.0,93663000.0,0.0,93822000.0,-137467000.0,0.0,42399000.0,-336000.0,23207000.0,23207000.0,23207000.0,0.0,0.0,0.066,60476000.0,62128000.0,0.0,0.0,1.789,12.483,12.346,261189000.0,0.0,3.667,0.687,0.687,441810000.0,75671000.0,352244000.0,352244000.0,0.0,,,,,-436000.0,23608000.0,1.0,243164379.0,243306000.0,259374000.0,1.448,936988000.0,41383000.0,14630000.0,15301000.0,3.851,402479000.0
90,DVA,MRQ,1998-12-31,1998-12-31,1998-12-31,2021-08-03,0.0,1911619000.0,,566514000.0,1345105000.0,,1.959,-18053000.0,41487000.0,41487000.0,226128000.0,13252000.0,3.175,3.034,1247628000.0,21847000.0,1225781000.0,1247628000.0,0.0,23991000.0,0.0,0.0,0.0,55338000.0,79329000.0,0.234,79329000.0,55338000.0,22201000.0,0.053,0.053,0.053,473864000.0,,473864000.0,3510249074.0,31.0,17.262,-17977000.0,-0.074,1.0,112842000.0,0.333,1073500000.0,33137000.0,1865810000.0,,23470000.0,31360000.0,0.0,31360000.0,1437755000.0,178450000.0,1259305000.0,2392926074.0,8638000.0,-78874000.0,3810000.0,94650000.0,0.0,72109000.0,-63547000.0,0.0,76000.0,0.0,13252000.0,13252000.0,13252000.0,0.0,0.0,0.039,66248000.0,46594000.0,45710000.0,0.0,5.05,-253.273,-246.333,233337000.0,0.0,9.853,1.988,1.968,416822000.0,52464000.0,338970000.0,338970000.0,0.0,,,,,15622000.0,22685000.0,1.0,242854473.0,241878000.0,260574000.0,1.401,838119000.0,39014000.0,8949000.0,14895000.0,3.465,388064000.0
91,DVA,MRQ,1998-09-30,1998-09-30,1998-09-30,2021-08-03,0.0,1749157000.0,,487926000.0,1261231000.0,,1.861,-28925000.0,32849000.0,32849000.0,200773000.0,28058000.0,3.84,2.876,1150172000.0,9611000.0,1140561000.0,1150172000.0,0.0,24112000.0,0.0,0.0,0.0,65585000.0,89697000.0,0.282,89697000.0,65585000.0,45780000.0,0.117,0.11,0.117,451334000.0,,451334000.0,2990263208.0,36.0,18.217,13689000.0,0.056,1.0,117812000.0,0.37,1010934000.0,19805000.0,1728477000.0,,0.0,22193000.0,0.0,22193000.0,1297823000.0,127069000.0,1170754000.0,1940642208.0,28465000.0,-59406000.0,732000.0,94715000.0,0.0,95144000.0,-109293000.0,0.0,42614000.0,0.0,28058000.0,28058000.0,28058000.0,0.0,0.0,0.088,51331000.0,66481000.0,0.0,0.0,4.3,-113.714,-109.589,215411000.0,0.0,8.0,1.784,1.784,382383000.0,49550000.0,318585000.0,318585000.0,0.0,,,,,-336000.0,18292000.0,1.0,242580276.0,242574000.0,261156000.0,1.313,738223000.0,22215000.0,17722000.0,8532000.0,3.043,360857000.0
92,DVA,MRQ,1998-06-30,1998-06-30,1998-06-30,2021-08-03,0.0,1597045000.0,,405661000.0,1191384000.0,,1.732,-22905000.0,1093000.0,1093000.0,184399000.0,6909000.0,3.825,2.809,1050714000.0,5680000.0,1045034000.0,1050714000.0,0.0,22714000.0,0.0,0.0,0.0,35111000.0,57825000.0,0.201,57825000.0,35111000.0,18567000.0,0.03,0.027,0.03,419275000.0,,419275000.0,3654734976.0,73.0,29.966,-12304000.0,-0.051,1.0,103951000.0,0.361,963784000.0,16544000.0,1576836000.0,,0.0,17241000.0,0.0,17241000.0,1177770000.0,106046000.0,1071724000.0,2782515976.0,-61681000.0,-152509000.0,2174000.0,114051000.0,0.0,116992000.0,-189274000.0,0.0,10601000.0,0.0,6909000.0,6909000.0,6909000.0,0.0,0.0,0.024,48542000.0,55409000.0,0.0,0.0,6.636,-91.254,-90.551,196183000.0,0.0,11.5,2.878,2.88,338352000.0,20441000.0,288350000.0,288350000.0,0.0,,,,,1129000.0,18087000.0,1.0,241957911.0,242142000.0,247152000.0,1.191,633261000.0,0.0,11658000.0,6374000.0,2.615,299615000.0
93,DVA,MRQ,1998-03-31,1998-03-31,1998-03-31,2021-08-03,0.0,1471900000.0,,441579000.0,1030321000.0,,1.715,-12937000.0,65508000.0,65508000.0,168440000.0,-57667000.0,4.047,2.624,937727000.0,6157000.0,931570000.0,937727000.0,0.0,19536000.0,0.0,0.0,0.0,-43030000.0,-23494000.0,-0.091,-23494000.0,-43030000.0,-57547000.0,-0.243,-0.243,-0.243,406166000.0,,406166000.0,3033417223.0,,,-54310000.0,-0.229,1.0,89393000.0,0.347,824830000.0,14517000.0,1410187000.0,,0.0,11175000.0,0.0,11175000.0,1065734000.0,109102000.0,956632000.0,2680233223.0,59365000.0,-64160000.0,17441000.0,168879000.0,0.0,190948000.0,-90210000.0,0.0,-41373000.0,0.0,-57667000.0,-57667000.0,-57667000.0,0.0,0.0,-0.224,122964000.0,-33571000.0,0.0,0.0,6.599,,,182051000.0,0.0,11.103,,,298710000.0,10806000.0,257833000.0,257833000.0,0.0,,,,,17497000.0,16622000.0,1.0,241389963.0,236778000.0,236778000.0,1.089,647070000.0,0.0,120000.0,5020000.0,2.733,332477000.0
94,DVA,MRQ,1997-12-31,1997-12-31,1997-12-31,2021-08-03,0.0,1279261000.0,,308248000.0,971013000.0,,1.808,-20521000.0,6700000.0,6700000.0,153601000.0,5634000.0,3.009,2.028,759002000.0,27810000.0,731192000.0,759002000.0,0.0,15588000.0,0.0,0.0,0.0,24530000.0,40118000.0,0.18,40118000.0,24530000.0,12627000.0,0.023,0.023,0.023,422446000.0,,422446000.0,,,,-7027000.0,-0.03,1.0,69401000.0,0.311,769269000.0,11903000.0,1159844000.0,,15766000.0,14104000.0,0.0,14104000.0,856815000.0,102450000.0,754365000.0,2212741328.0,-17522000.0,-172145000.0,1076000.0,254884000.0,0.0,226201000.0,-257217000.0,-41202000.0,13494000.0,0.0,5634000.0,5634000.0,5634000.0,0.0,0.0,0.025,44391000.0,25010000.0,33283000.0,0.0,5.238,48.606,46.531,172838000.0,0.0,9.167,2.918,2.811,248942000.0,61912000.0,223002000.0,223002000.0,0.0,,,,,8994000.0,14690000.0,1.0,241389963.0,233643000.0,242553000.0,0.954,509992000.0,15725000.0,6993000.0,2500000.0,2.183,205798000.0
95,DVA,MRQ,1997-09-30,1997-09-30,1997-09-30,2021-08-03,,,,,,,,-14784000.0,,,131670000.0,14632000.0,,,,,,,,14194000.0,,0.0,0.0,33320000.0,47514000.0,0.24,47514000.0,33320000.0,25795000.0,0.063,0.06,0.063,,,,,,,-2211000.0,-0.009,1.0,66079000.0,0.334,,7525000.0,,,,,,,,,,,9054000.0,-91797000.0,339000.0,115118000.0,0.0,116419000.0,-119938000.0,0.0,12573000.0,0.0,14632000.0,14632000.0,14632000.0,0.0,0.0,0.074,32792000.0,33287000.0,,0.0,,,,,0.0,10.0,,,,,197749000.0,197749000.0,0.0,,,,,0.0,13208000.0,1.0,,233256000.0,241596000.0,0.848,,,11163000.0,,,
96,DVA,MRQ,1997-06-30,1997-06-30,1997-06-30,2021-08-03,,,,,,,,-13299000.0,,,,,,,,,,,,12740000.0,,0.0,0.0,,,,,,,,,,,,,,,,-13455000.0,,1.0,,,,,,,,,,,,,,,-1453000.0,-114752000.0,370000.0,127401000.0,0.0,127804000.0,-129101000.0,0.0,-156000.0,0.0,,,,,,,,,,,,,,,,8.038,,,,,,,,,,,,0.0,,1.0,,,,,,,,,,
97,DVA,MRQ,1997-03-31,1997-03-31,1997-03-31,2021-08-03,,,,,,,,-12988000.0,,,,,,,,,,,,11089000.0,,0.0,0.0,,,,,,,,,,,,,,,,-7971000.0,,1.0,,,,,,,,,,,,,,,-4706000.0,-50631000.0,2042000.0,12108000.0,0.0,13877000.0,-23600000.0,41202000.0,5017000.0,0.0,,,,,,,,,,,,,,,,6.074,,,,,,,,,,,,0.0,,1.0,,,,,,,,,,
98,DVA,MRQ,1996-12-31,1996-12-31,1996-12-31,2021-08-03,0.0,665221000.0,,252203000.0,413018000.0,,1.617,,21327000.0,21327000.0,,,3.751,0.852,247559000.0,14433000.0,233126000.0,247559000.0,0.0,,0.0,0.0,0.0,,,,,,,,,,359099000.0,,359099000.0,,,,,,1.0,,,311263000.0,,512962000.0,,10433000.0,43121000.0,41202000.0,1919000.0,306122000.0,67228000.0,238894000.0,,,,,,,,,,,,,,,,,,,,23841000.0,,,,65.909,97844000.0,,7.25,,3.243,156554000.0,18263000.0,,,,,,,,,,1.0,,222126000.0,,,353958000.0,5383000.0,,61000.0,1.594,184975000.0
0,DVA,MRT,2021-06-30,2021-06-30,2021-06-30,2021-08-03,-65899000.0,17810311000.0,17373191750.0,3978586000.0,13831725000.0,0.666,12.013,-677312000.0,1206478000.0,1206478000.0,7932207000.0,1094486000.0,1.667,11.677,12092363000.0,566777000.0,11525586000.0,12092363000.0,0.0,653770000.0,0.0,0.0,0.0,1443815000.0,2097585000.0,0.181,2097585000.0,1443815000.0,1169350000.0,7.82,7.52,7.82,1277780000.0,1371052250.0,1277780000.0,23838630000.0,17.0,11.365,1124249000.0,10.57,1.0,3633692000.0,0.314,7106149000.0,274465000.0,19204007000.0,18628042750.0,115369000.0,315867000.0,36701000.0,279166000.0,14921274000.0,2386040000.0,12535234000.0,12789666000.0,-1829241000.0,-152338000.0,-1739625000.0,-895455000.0,0.0,-2930802000.0,-701931000.0,127719000.0,1801561000.0,1931000.0,863670000.0,863670000.0,863670000.0,19633000.0,230816000.0,0.075,1901086000.0,1732606000.0,376264000.0,0.0,10.009,14.809,15.4,6350920000.0,0.0,120.43,1.106,1.108,2488896000.0,1383760000.0,11565899000.0,11565899000.0,0.0,0.05,0.63,0.078,0.125,101050000.0,1247316000.0,1.0,106200000.0,106364000.0,111423000.0,108.739,10704162000.0,61782000.0,305680000.0,863817000.0,100.637,1592546000.0
1,DVA,MRT,2021-03-31,2021-03-31,2021-03-31,2021-08-03,-122783000.0,17647268000.0,17746886750.0,3866681000.0,13780587000.0,0.65,11.449,-664512000.0,1061040000.0,1061040000.0,7951494000.0,998327000.0,1.67,11.91,12110004000.0,540928000.0,11569076000.0,12110004000.0,0.0,641457000.0,0.0,0.0,0.0,1361557000.0,2003014000.0,0.174,2003014000.0,1361557000.0,1079035000.0,6.71,6.5,6.71,1248106000.0,1590086000.0,1248106000.0,22482219000.0,17.0,11.224,1108439000.0,10.168,1.0,3577874000.0,0.31,7041915000.0,282522000.0,19339593000.0,18317549000.0,116322000.0,300464000.0,11060000.0,289404000.0,14864893000.0,2314724000.0,12550169000.0,11790038000.0,-427448000.0,-116616000.0,-1458790000.0,378955000.0,0.0,-1406491000.0,-787112000.0,-5984000.0,1772951000.0,-6796000.0,771452000.0,771452000.0,771452000.0,19633000.0,226875000.0,0.067,1923143000.0,1654731000.0,348105000.0,0.0,9.446,15.283,16.061,6358734000.0,0.0,107.77,1.023,1.019,2576334000.0,1089940000.0,11529368000.0,11529368000.0,0.0,0.043,0.485,0.074,0.118,95183000.0,1265434000.0,1.0,109400000.0,109014000.0,113852000.0,105.76,10605353000.0,28160000.0,307583000.0,858679000.0,97.284,1551957000.0
2,DVA,MRT,2020-12-31,2020-12-31,2020-12-31,2021-08-03,-66154000.0,16988516000.0,17734144750.0,3148724000.0,13839792000.0,0.651,11.549,-674541000.0,501790000.0,501790000.0,7988613000.0,994677000.0,1.272,10.185,11193971000.0,538038000.0,10655933000.0,11193971000.0,0.0,630435000.0,0.0,0.0,0.0,1391685000.0,2022120000.0,0.175,2022120000.0,1391685000.0,1087574000.0,6.46,6.31,6.46,1383566000.0,1765021000.0,1383566000.0,23437535000.0,17.0,11.591,1304487000.0,10.889,1.0,3561991000.0,0.308,7085694000.0,304111000.0,18118860000.0,18150137500.0,111625000.0,309785000.0,20101000.0,289684000.0,14091736000.0,2476143000.0,11615593000.0,13148800000.0,-706928000.0,-131874000.0,-1459417000.0,-63529000.0,0.0,-1846777000.0,-825371000.0,-18956000.0,1979028000.0,-13808000.0,773642000.0,773642000.0,773642000.0,9653000.0,221035000.0,0.067,1894271000.0,1667720000.0,434253000.0,0.0,9.504,16.996,18.173,6384913000.0,0.0,117.4,1.138,1.218,2368658000.0,852537000.0,11550604000.0,11550604000.0,0.0,0.044,0.438,0.077,0.12,91458000.0,1247584000.0,1.0,112000000.0,119797000.0,122623000.0,96.418,9902822000.0,70163000.0,313932000.0,817368000.0,82.663,672581000.0
3,DVA,MRT,2020-09-30,2020-09-30,2020-09-30,2021-08-03,-122530000.0,17046672000.0,17814864250.0,3429675000.0,13616997000.0,0.648,13.025,-669259000.0,817337000.0,817337000.0,7932357000.0,1063269000.0,1.372,8.884,11106072000.0,528977000.0,10577095000.0,11106072000.0,0.0,627416000.0,0.0,0.0,0.0,1502686000.0,2130102000.0,0.185,2130102000.0,1502686000.0,1166994000.0,6.66,6.56,6.66,1574757000.0,1952481750.0,1574757000.0,20284789000.0,13.0,9.523,1505501000.0,12.452,1.0,3611509000.0,0.313,6986455000.0,335692000.0,17849711000.0,18116223750.0,106254000.0,301710000.0,19360000.0,282350000.0,13989398000.0,2499241000.0,11490157000.0,10449300000.0,-539804000.0,-38998000.0,-1564785000.0,-130375000.0,0.0,-2074384000.0,-625992000.0,82265000.0,2174760000.0,-14188000.0,844740000.0,844740000.0,844740000.0,-12609000.0,218529000.0,0.073,1865158000.0,1746351000.0,388504000.0,0.0,6.635,12.37,12.86,6252082000.0,0.0,85.65,0.905,0.897,2352771000.0,2031607000.0,11543866000.0,11543866000.0,0.0,0.047,0.433,0.083,0.13,87256000.0,1221490000.0,1.0,122000000.0,120905038.0,123953879.0,95.479,10060217000.0,75441000.0,322254000.0,765691000.0,83.208,930434000.0
4,DVA,MRT,2020-06-30,2020-06-30,2020-06-30,2021-08-03,-135107000.0,19305091000.0,17916153750.0,5779830000.0,13525261000.0,0.643,17.644,-684295000.0,3035719000.0,3035719000.0,7951810000.0,1047417000.0,1.352,7.303,12871208000.0,2266965000.0,10604243000.0,12871208000.0,0.0,626437000.0,0.0,0.0,0.0,1501675000.0,2128112000.0,0.185,2128112000.0,1501675000.0,1151052000.0,6.3,6.23,6.3,2153915000.0,2138436500.0,2153915000.0,19829621000.0,13.0,9.318,1648448000.0,13.504,1.0,3572068000.0,0.31,6903985000.0,350623000.0,17962032000.0,18203040750.0,97902000.0,437944000.0,154115000.0,283829000.0,15729337000.0,4274563000.0,11454774000.0,9639252000.0,-646691000.0,17468000.0,-2625367000.0,854221000.0,0.0,-2146324000.0,-814491000.0,-147664000.0,2332743000.0,-18619000.0,829336000.0,829336000.0,829336000.0,-5766000.0,218081000.0,0.072,1883490000.0,1688578000.0,357283000.0,0.0,4.475,11.623,12.562,6244538000.0,0.0,79.14,0.836,0.838,2386865000.0,1872933000.0,11523878000.0,11523878000.0,0.0,0.046,0.388,0.082,0.13,80930000.0,1156946000.0,1.0,121800000.0,122074000.0,124068000.0,94.401,12401106000.0,41963000.0,321716000.0,768006000.0,101.587,1505267000.0
5,DVA,MRT,2020-03-31,2020-03-31,2020-03-31,2021-08-03,-140525000.0,17596300000.0,18072621000.0,4023939000.0,13572361000.0,0.636,15.595,-722610000.0,1488488000.0,1488488000.0,7924999000.0,1119702000.0,1.812,7.308,11678857000.0,502351000.0,11176506000.0,11678857000.0,0.0,621303000.0,0.0,0.0,0.0,1616635000.0,2237938000.0,0.195,2237938000.0,1616635000.0,1215727000.0,6.29,6.25,6.29,1947846000.0,2612282250.0,1947846000.0,19520364000.0,12.0,8.722,1568822000.0,12.56,1.0,3561605000.0,0.31,6895976000.0,400908000.0,18669947000.0,17609195000.0,95685000.0,298532000.0,9376000.0,289156000.0,14234920000.0,2220746000.0,12014174000.0,9553136000.0,384279000.0,3771313000.0,-2693352000.0,-1885882000.0,0.0,-4924409000.0,3033073000.0,-15630000.0,2291432000.0,-15817000.0,901285000.0,901285000.0,901285000.0,-85158000.0,218417000.0,0.078,1821233000.0,1740372000.0,340092000.0,0.0,4.904,10.599,12.092,6293199000.0,0.0,76.06,0.832,0.827,2339213000.0,1671331000.0,11486604000.0,11486604000.0,0.0,0.05,0.345,0.092,0.141,75610000.0,1116075000.0,1.0,125600000.0,124902000.0,126895000.0,91.965,10700324000.0,31324000.0,314442000.0,699248000.0,85.67,1803193000.0
6,DVA,MRT,2019-12-31,2019-12-31,2019-12-31,2021-08-03,-47498000.0,17311394000.0,19325032000.0,3690170000.0,13621224000.0,0.589,13.927,-766546000.0,1208718000.0,1208718000.0,7914485000.0,1021294000.0,1.556,6.474,11175946000.0,474620000.0,10701326000.0,11175946000.0,0.0,615152000.0,0.0,0.0,0.0,1534433000.0,2149585000.0,0.189,2149585000.0,1534433000.0,1090609000.0,5.29,5.27,5.29,2133409000.0,3094159250.0,2133409000.0,19566504925.0,13.0,9.102,1305809000.0,8.525,1.0,3473994000.0,0.305,6923319000.0,443824000.0,17983205000.0,18029916750.0,97949000.0,290074000.0,11572000.0,278502000.0,13811776000.0,2372098000.0,11439678000.0,9731390925.0,369485000.0,3776531000.0,-2372434000.0,-1994872000.0,0.0,-4696450000.0,2995340000.0,-14645000.0,2072355000.0,-1760000.0,810981000.0,810981000.0,810981000.0,-105483000.0,210313000.0,0.071,1843356000.0,1630638000.0,403840000.0,0.0,4.561,12.0,14.183,6303431000.0,0.0,75.03,0.854,1.009,2285293000.0,1431738000.0,11388479000.0,11388479000.0,0.0,0.042,0.262,0.085,0.135,67850000.0,1103312000.0,1.0,129699999.0,153181000.0,153812000.0,74.347,10388075000.0,19772000.0,279628000.0,619955000.0,67.816,1318072000.0
7,DVA,MRT,2019-09-30,2019-09-30,2019-09-30,2021-08-03,-77604000.0,17451830000.0,19774746500.0,3998718000.0,13453112000.0,0.572,15.388,-828662000.0,1357141000.0,1357141000.0,7940929000.0,616489000.0,1.812,5.884,11192255000.0,495655000.0,10696600000.0,11192255000.0,0.0,611842000.0,0.0,0.0,0.0,1146098000.0,1757940000.0,0.155,1757940000.0,1146098000.0,666024000.0,2.63,2.64,2.63,2318576000.0,3486667500.0,2318576000.0,17496914000.0,15.0,9.953,952555000.0,6.322,1.0,3370090000.0,0.298,6883325000.0,480074000.0,18196979000.0,17770385750.0,98641000.0,355140000.0,100713000.0,254427000.0,13643248000.0,2206640000.0,11436608000.0,9148321000.0,363401000.0,3731578000.0,-1824915000.0,-2111456000.0,0.0,-4205779000.0,2789701000.0,-113215000.0,1781217000.0,-1738000.0,416338000.0,416338000.0,416338000.0,206355000.0,200151000.0,0.037,1802001000.0,1568089000.0,332136000.0,0.0,3.946,21.973,21.7,6200526000.0,0.0,57.07,0.809,0.76,2375370000.0,3349180000.0,11311019000.0,11311019000.0,0.0,0.021,0.119,0.064,0.101,61267000.0,1093419000.0,1.0,160300000.0,150675465.0,151295950.0,75.069,10568505000.0,16236000.0,249686000.0,604921000.0,70.141,1792078000.0
8,DVA,MRT,2019-06-30,2019-06-30,2019-06-30,2021-08-03,-33611000.0,19930960000.0,20251236250.0,6390629000.0,13540331000.0,0.556,24.343,-887079000.0,3682410000.0,3682410000.0,8013527000.0,318133000.0,1.12,3.581,12031003000.0,3963956000.0,8067047000.0,12031003000.0,0.0,601927000.0,0.0,0.0,0.0,890163000.0,1492090000.0,0.133,1492090000.0,890163000.0,372751000.0,0.86,0.87,0.86,4049298000.0,3863185750.0,4049298000.0,22257123000.0,25.0,14.917,711101000.0,4.275,1.0,3240744000.0,0.288,6985960000.0,517412000.0,15586649000.0,17567891000.0,96819000.0,265941000.0,5213000.0,260728000.0,14502158000.0,5706944000.0,8795214000.0,9361664000.0,2789341000.0,3725684000.0,-416858000.0,-1032467000.0,0.0,-1629998000.0,2821113000.0,-17492000.0,1598180000.0,46000.0,136272000.0,136272000.0,136272000.0,411251000.0,181861000.0,0.012,1754193000.0,1486551000.0,388955000.0,0.0,2.312,68.698,65.419,6196200000.0,0.0,56.26,0.832,0.832,2535805000.0,3205910000.0,11254271000.0,11254271000.0,0.0,0.007,0.035,0.051,0.079,82245000.0,1130982000.0,1.0,166400000.0,166346041.0,166799525.0,67.656,12945000000.0,15783000.0,236479000.0,593562000.0,77.82,683685000.0
9,DVA,MRT,2019-03-31,2019-03-31,2019-03-31,2021-08-03,-47551000.0,22605944000.0,20127387250.0,9225076000.0,13380868000.0,0.561,23.291,-953573000.0,561434000.0,561434000.0,8124863000.0,297298000.0,1.121,4.484,13456893000.0,5044104000.0,8412789000.0,13456893000.0,0.0,596764000.0,0.0,0.0,0.0,879844000.0,1476608000.0,0.131,1476608000.0,879844000.0,374406000.0,0.78,0.76,0.78,3875354000.0,3920657250.0,3875354000.0,18720652000.0,21.0,12.678,596832000.0,3.587,1.0,3173656000.0,0.281,6917692000.0,505438000.0,20352834000.0,18005456500.0,104236000.0,264758000.0,4035000.0,260723000.0,17376227000.0,8230877000.0,9145350000.0,9033856000.0,455737000.0,-32275000.0,-854855000.0,952328000.0,0.0,-77856000.0,-1005873000.0,-20025000.0,1550405000.0,-10939000.0,129997000.0,129997000.0,129997000.0,420947000.0,167301000.0,0.012,1716080000.0,1457576000.0,365192000.0,0.0,2.331,69.493,69.603,6128802000.0,0.0,54.29,0.8,0.8,2443003000.0,2932359000.0,11298519000.0,11298519000.0,0.0,0.006,0.033,0.049,0.078,75486000.0,1119738000.0,1.0,166400000.0,166387958.0,166780657.0,67.905,15688252000.0,42650000.0,244409000.0,588805000.0,94.287,994199000.0
10,DVA,MRT,2018-12-31,2018-12-31,2018-12-31,2021-08-03,-34924000.0,19110252000.0,19211494250.0,8424159000.0,10686093000.0,0.594,21.685,-987138000.0,415420000.0,415420000.0,8195513000.0,333040000.0,1.722,3.801,10102216000.0,1929369000.0,8172847000.0,10102216000.0,0.0,591035000.0,0.0,0.0,0.0,905229000.0,1496264000.0,0.131,1496264000.0,905229000.0,417794000.0,0.93,0.92,0.93,3703442000.0,4096988750.0,3703442000.0,18226943000.0,20.0,12.182,784502000.0,4.593,1.0,3209338000.0,0.281,6960806000.0,487435000.0,16945081000.0,17482071500.0,107381000.0,262970000.0,2935000.0,260035000.0,14077213000.0,4891161000.0,9186052000.0,8542360000.0,137293000.0,-32951000.0,-1147934000.0,699804000.0,0.0,-625354000.0,-1005643000.0,14446000.0,1771640000.0,-3350000.0,159394000.0,159394000.0,159394000.0,457038000.0,173646000.0,0.014,1679030000.0,1530308000.0,463270000.0,0.0,2.307,53.593,55.333,3393669000.0,0.0,51.46,0.749,0.771,2328404000.0,2743194000.0,11404851000.0,11404851000.0,0.0,0.008,0.039,0.052,0.079,73061000.0,1135454000.0,1.0,166000000.0,170786000.0,172365000.0,66.779,12149446000.0,68614000.0,258400000.0,562536000.0,71.138,3532998000.0
11,DVA,MRT,2018-09-30,2018-09-30,2018-09-30,2021-08-03,-29109000.0,19357789000.0,19177565250.0,8929501000.0,10428288000.0,0.593,22.934,-971080000.0,540155000.0,540155000.0,8110131000.0,775562000.0,1.839,3.73,10224738000.0,1784065000.0,8440673000.0,10224738000.0,0.0,619836000.0,0.0,0.0,0.0,1137079000.0,1756915000.0,0.155,1756915000.0,1137079000.0,668947000.0,3.37,3.3,3.37,3824649000.0,4343635500.0,3824649000.0,21418986000.0,19.0,12.191,756184000.0,4.534,1.0,3254509000.0,0.286,6800268000.0,468132000.0,17387000000.0,17745856500.0,91102000.0,280597000.0,4730000.0,275867000.0,14264115000.0,4855104000.0,9409011000.0,11955047000.0,136013000.0,-55792000.0,-1628775000.0,1109147000.0,0.0,-659764000.0,-920502000.0,106370000.0,1727264000.0,-10985000.0,612562000.0,612562000.0,612562000.0,4242000.0,163000000.0,0.054,1969198000.0,1285311000.0,458927000.0,0.0,3.126,19.516,21.255,3275636000.0,0.0,71.63,1.052,1.051,2230869000.0,3951247000.0,11364640000.0,11364640000.0,0.0,0.032,0.141,0.064,0.1,66219000.0,1132346000.0,1.0,166900000.0,166770664.0,167262358.0,68.145,12557521000.0,26002000.0,56385000.0,515893000.0,75.298,4074397000.0
12,DVA,MRT,2018-06-30,2018-06-30,2018-06-30,2021-08-03,-21925000.0,19435564000.0,19091452750.0,9085362000.0,10350202000.0,0.591,24.934,-980287000.0,480148000.0,480148000.0,7997970000.0,700196000.0,1.899,3.249,9944087000.0,1768514000.0,8175573000.0,9944087000.0,0.0,677119000.0,0.0,0.0,0.0,1081277000.0,1758396000.0,0.156,1758396000.0,1081277000.0,629766000.0,3.05,3.0,3.05,4279184000.0,4583618500.0,4279184000.0,21133683000.0,20.0,12.019,842397000.0,4.909,1.0,3284411000.0,0.291,6778814000.0,451511000.0,17336911000.0,16780119250.0,112729000.0,287748000.0,4528000.0,283220000.0,13903899000.0,4783778000.0,9120121000.0,12117280000.0,171096000.0,-135164000.0,-1360233000.0,790663000.0,0.0,-706988000.0,-937189000.0,178262000.0,1822684000.0,-7411000.0,534882000.0,534882000.0,534882000.0,163375000.0,165314000.0,0.047,1891360000.0,1393051000.0,542272000.0,0.0,2.832,22.654,22.767,3229098000.0,0.0,69.44,1.074,1.056,2313910000.0,4088043000.0,11282381000.0,11282381000.0,0.0,0.028,0.117,0.064,0.096,37449000.0,1068958000.0,1.0,174500000.0,171617238.0,174105884.0,65.742,12656750000.0,23540000.0,94884000.0,526425000.0,73.75,4301584000.0
13,DVA,MRT,2018-03-31,2018-03-31,2018-03-31,2021-08-03,27335000.0,18942372000.0,19068007750.0,8673555000.0,10268817000.0,0.582,25.596,-923158000.0,447618000.0,447618000.0,7823545000.0,555499000.0,2.943,2.865,9464021000.0,184136000.0,9279885000.0,9464021000.0,0.0,730078000.0,0.0,0.0,0.0,947291000.0,1677369000.0,0.151,1677369000.0,947291000.0,507538000.0,2.15,2.12,2.15,4580680000.0,4784901000.0,4580680000.0,20829077000.0,22.0,12.418,487376000.0,2.723,1.0,3271282000.0,0.295,6751958000.0,439753000.0,18259294000.0,15845120000.0,125555000.0,284510000.0,4602000.0,279908000.0,13125790000.0,2947523000.0,10178267000.0,12001080000.0,-830104000.0,-678966000.0,-1076589000.0,295662000.0,0.0,-929867000.0,-1314873000.0,287251000.0,1410534000.0,4102000.0,394607000.0,394607000.0,394607000.0,257591000.0,160892000.0,0.036,1914607000.0,1356675000.0,437733000.0,0.0,2.62,30.413,30.67,3185223000.0,0.0,65.94,1.082,1.064,2246504000.0,3820767000.0,11094827000.0,11094827000.0,0.0,0.021,0.082,0.06,0.085,35176000.0,1067660000.0,1.0,182000000.0,178957865.0,181834547.0,61.997,12190414000.0,18660000.0,112931000.0,507226000.0,68.119,5726032000.0
14,DVA,MRT,2017-12-31,2017-12-31,2017-12-31,2021-08-03,13235000.0,18974536000.0,19179480750.0,8770701000.0,10203835000.0,0.567,24.864,-905250000.0,518920000.0,518920000.0,7640005000.0,830555000.0,2.859,2.788,9336231000.0,178213000.0,9158018000.0,9336231000.0,0.0,777485000.0,0.0,0.0,0.0,1418111000.0,2195596000.0,0.202,2195596000.0,1418111000.0,987477000.0,3.52,3.47,3.52,4690029000.0,4924713250.0,4690029000.0,21495840000.0,15.0,9.79,1007916000.0,5.343,1.0,3236629000.0,0.298,6724106000.0,430634000.0,18000221000.0,14593309250.0,181799000.0,316059000.0,32830000.0,283229000.0,13077110000.0,3067520000.0,10009590000.0,13243425000.0,-217569000.0,-711543000.0,-781697000.0,154848000.0,0.0,-766257000.0,-1364732000.0,252061000.0,1913166000.0,254000.0,663618000.0,663618000.0,663618000.0,245372000.0,166937000.0,0.061,1415234000.0,1821395000.0,509116000.0,0.0,2.824,19.956,20.526,3149213000.0,0.0,72.25,1.218,1.253,2114012000.0,3633713000.0,10876634000.0,10876634000.0,0.0,0.035,0.135,0.097,0.13,35092000.0,1064026000.0,1.0,183300000.0,188625559.0,191348533.0,57.663,12250430000.0,49440000.0,323859000.0,486247000.0,64.946,5703181000.0
15,DVA,MRT,2017-09-30,2017-09-30,2017-09-30,2021-08-03,3476000.0,19013339000.0,19124790750.0,4033549000.0,14979790000.0,0.406,25.331,-893681000.0,846110000.0,846110000.0,5178913000.0,678146000.0,1.403,2.721,9098525000.0,189822000.0,8908703000.0,9098525000.0,0.0,782304000.0,0.0,0.0,0.0,1483218000.0,2265522000.0,0.291,2265522000.0,1483218000.0,1057824000.0,2.67,2.63,2.67,4784581000.0,4914217750.0,4784581000.0,19736508000.0,13.0,8.712,1165333000.0,6.17,1.0,2594912000.0,0.334,10866910000.0,425394000.0,13524051000.0,14689777750.0,154422000.0,802540000.0,137358000.0,665182000.0,13017320000.0,2874793000.0,10142527000.0,11355368000.0,-53409000.0,-654800000.0,-777526000.0,-134191000.0,0.0,-1073837000.0,-1049975000.0,498431000.0,2059014000.0,11389000.0,517948000.0,517948000.0,517948000.0,547221000.0,160198000.0,0.067,422198000.0,2172714000.0,967177000.0,0.0,2.373,21.924,22.243,3386056000.0,0.0,59.39,1.461,1.443,2690448000.0,4070535000.0,7773825000.0,7773825000.0,0.0,0.027,0.105,0.101,0.191,36999000.0,691229000.0,1.0,191200000.0,188883922.0,191408117.0,41.157,8146429000.0,0.0,539876000.0,699989000.0,43.129,1158756000.0
16,DVA,MRT,2017-06-30,2017-06-30,2017-06-30,2021-08-03,-27308000.0,19341784000.0,19102869250.0,4023768000.0,15318016000.0,0.457,26.607,-869408000.0,711997000.0,711997000.0,5924933000.0,1462330000.0,1.451,2.569,9093137000.0,182323000.0,8910814000.0,9093137000.0,0.0,760760000.0,0.0,0.0,0.0,2278056000.0,3038816000.0,0.348,3038816000.0,2278056000.0,1857387000.0,6.61,6.51,6.61,5084314000.0,4946009000.0,5084314000.0,20219159000.0,9.0,6.654,1172136000.0,6.134,1.0,2814397000.0,0.322,11352685000.0,420669000.0,13596914000.0,14693340250.0,199304000.0,868597000.0,211436000.0,657161000.0,13060184000.0,2773325000.0,10286859000.0,12602296000.0,-559083000.0,-592813000.0,-1032329000.0,-127241000.0,0.0,-1313605000.0,-1295046000.0,167175000.0,2041544000.0,8024000.0,1303756000.0,1303756000.0,1303756000.0,176349000.0,158574000.0,0.149,227366000.0,2587031000.0,830128000.0,0.0,2.479,9.666,9.797,3248030000.0,0.0,64.76,1.442,1.416,2698567000.0,4285011000.0,8739330000.0,8739330000.0,0.0,0.068,0.264,0.155,0.261,32125000.0,825208000.0,1.0,194600000.0,191088216.0,193987983.0,45.735,7989099000.0,0.0,553631000.0,970475000.0,41.808,1250443000.0
17,DVA,MRT,2017-03-31,2017-03-31,2017-03-31,2021-08-03,-76886000.0,19388264000.0,18940330750.0,4603900000.0,14784364000.0,0.515,26.718,-870443000.0,1472232000.0,1472232000.0,6701294000.0,1395208000.0,1.636,2.542,9089095000.0,170217000.0,8918878000.0,9089095000.0,0.0,741103000.0,0.0,0.0,0.0,2232370000.0,2973473000.0,0.305,2973473000.0,2232370000.0,1816741000.0,6.21,6.12,6.21,5139929000.0,4861444000.0,5139929000.0,22262174000.0,10.0,7.487,1537852000.0,7.994,1.0,3056288000.0,0.313,10939499000.0,415629000.0,13252051000.0,14512120250.0,174159000.0,943481000.0,313265000.0,630216000.0,13067825000.0,2813577000.0,10254248000.0,14062993000.0,439509000.0,-129258000.0,-799190000.0,-140583000.0,0.0,-1077821000.0,-897344000.0,102357000.0,2408295000.0,6379000.0,1230137000.0,1230137000.0,1230137000.0,151829000.0,165071000.0,0.126,531703000.0,2524585000.0,854471000.0,0.0,2.736,11.432,10.945,3171199000.0,0.0,67.97,1.441,1.34,2440217000.0,4158010000.0,9757582000.0,9757582000.0,0.0,0.065,0.253,0.154,0.229,34842000.0,949307000.0,1.0,206900000.0,192376735.0,195281014.0,50.721,8448765000.0,0.0,586604000.0,1080071000.0,43.918,1790323000.0
18,DVA,MRT,2016-12-31,2016-12-31,2016-12-31,2021-08-03,-89643000.0,18755776000.0,18721814250.0,3994748000.0,14761028000.0,0.572,23.051,-829095000.0,674776000.0,674776000.0,7431582000.0,1033082000.0,1.474,2.782,9104938000.0,160262000.0,8944676000.0,9104938000.0,0.0,720252000.0,0.0,0.0,0.0,1725751000.0,2446003000.0,0.228,2446003000.0,1725751000.0,1311635000.0,4.36,4.29,4.36,4648047000.0,4752443250.0,4648047000.0,20884350000.0,12.0,8.538,1143031000.0,5.669,1.0,3275885000.0,0.306,6088879000.0,414116000.0,18386095000.0,14444767250.0,160419000.0,829017000.0,306981000.0,522036000.0,12932777000.0,2710964000.0,10221813000.0,12673080000.0,-577247000.0,-499131000.0,-1074279000.0,-124630000.0,0.0,-1351981000.0,-1201668000.0,126558000.0,1972126000.0,4276000.0,879874000.0,879874000.0,879874000.0,158262000.0,153208000.0,0.082,1263049000.0,2012836000.0,456619000.0,0.0,2.727,14.403,14.725,2864121000.0,0.0,64.2,1.184,1.209,1792106000.0,3710313000.0,10707467000.0,10707467000.0,0.0,0.047,0.185,0.119,0.161,38338000.0,1072841000.0,1.0,197400000.0,201641173.0,204904656.0,53.102,12666897000.0,0.0,431761000.0,532263000.0,62.819,1283784000.0
19,DVA,MRT,2016-09-30,2016-09-30,2016-09-30,2021-08-03,-52226000.0,18925653000.0,18661589000.0,4261359000.0,14664294000.0,0.577,24.105,-821028000.0,913496000.0,913496000.0,7497346000.0,879286000.0,1.614,2.613,9124766000.0,152764000.0,8972002000.0,9124766000.0,0.0,694805000.0,0.0,0.0,0.0,1519394000.0,2214199000.0,0.206,2214199000.0,1519394000.0,1105776000.0,3.51,3.47,3.51,4911746000.0,4808126500.0,4911746000.0,21487907000.0,14.0,9.705,1096907000.0,5.383,1.0,3266014000.0,0.303,10959153000.0,413618000.0,13538301000.0,13039533750.0,200563000.0,1276647000.0,659478000.0,617169000.0,12834518000.0,2639469000.0,10195049000.0,13669883000.0,-133923000.0,-471250000.0,-761855000.0,-195193000.0,0.0,-1060825000.0,-988642000.0,303711000.0,1917935000.0,-2391000.0,716148000.0,716148000.0,716148000.0,53467000.0,163138000.0,0.067,1550207000.0,1715807000.0,812291000.0,0.0,2.783,19.088,18.823,3044988000.0,0.0,66.07,1.27,1.251,2302378000.0,5078983000.0,10763360000.0,10763360000.0,0.0,0.038,0.149,0.117,0.141,32173000.0,1168086000.0,1.0,206900000.0,203761433.0,206961450.0,52.823,7966500000.0,8196000.0,389628000.0,802109000.0,39.097,1621890000.0
20,DVA,MRT,2016-06-30,2016-06-30,2016-06-30,2021-08-03,-60036000.0,18691630000.0,18653882750.0,4496217000.0,14195413000.0,0.566,23.208,-775752000.0,1283416000.0,1283416000.0,7300732000.0,528443000.0,1.699,2.696,9101440000.0,144183000.0,8957257000.0,9101440000.0,0.0,675128000.0,0.0,0.0,0.0,1205597000.0,1880725000.0,0.178,1880725000.0,1205597000.0,793079000.0,1.73,1.71,1.73,4746054000.0,4827778250.0,4746054000.0,24042974000.0,20.0,12.784,1285556000.0,6.286,1.0,3257717000.0,0.309,10991958000.0,412518000.0,12872034000.0,12984760250.0,197388000.0,560960000.0,394166000.0,166794000.0,12796024000.0,2645662000.0,10150362000.0,15966580000.0,349681000.0,-491031000.0,-709808000.0,-186387000.0,0.0,-1017617000.0,-692676000.0,574107000.0,2061308000.0,-1334000.0,360688000.0,360688000.0,360688000.0,53467000.0,167755000.0,0.034,1850244000.0,1407473000.0,804917000.0,0.0,3.364,44.267,44.694,2972407000.0,0.0,77.32,1.512,1.498,2433484000.0,4507651000.0,10558449000.0,10558449000.0,0.0,0.019,0.075,0.093,0.114,40955000.0,1114688000.0,1.0,206500000.0,204497970.0,208047172.0,51.631,7699672000.0,0.0,432391000.0,821011000.0,37.652,1850555000.0
21,DVA,MRT,2016-03-31,2016-03-31,2016-03-31,2021-08-03,-53513000.0,18514198000.0,18717679750.0,4199560000.0,14314638000.0,0.549,23.017,-759764000.0,1041427000.0,1041427000.0,7075783000.0,641717000.0,1.719,2.696,9117821000.0,137966000.0,8979855000.0,9117821000.0,0.0,653590000.0,0.0,0.0,0.0,1311920000.0,1965510000.0,0.191,1965510000.0,1311920000.0,898048000.0,2.27,2.23,2.27,4703926000.0,4927977000.0,4703926000.0,23444619000.0,18.0,11.928,816349000.0,3.995,1.0,3199633000.0,0.311,11164335000.0,413872000.0,12982639000.0,13159067250.0,192689000.0,569297000.0,396468000.0,172829000.0,12679761000.0,2443618000.0,10236143000.0,15813390000.0,30156000.0,-439166000.0,-731124000.0,551274000.0,0.0,-361199000.0,-1183808000.0,15122000.0,1576113000.0,-950000.0,477783000.0,477783000.0,477783000.0,53467000.0,163934000.0,0.046,1646220000.0,1553413000.0,798035000.0,0.0,3.362,33.097,32.326,2911205000.0,0.0,73.38,1.539,1.459,2380833000.0,4454269000.0,10275416000.0,10275416000.0,0.0,0.026,0.097,0.1,0.128,55217000.0,1075753000.0,1.0,215500000.0,204366869.0,207928096.0,50.279,7349863000.0,856000.0,420265000.0,792038000.0,35.964,1755942000.0
22,DVA,MRT,2015-12-31,2015-12-31,2015-12-31,2021-08-03,-59826000.0,18514875000.0,18680796000.0,4503280000.0,14011595000.0,0.534,22.99,-707998000.0,1499116000.0,1499116000.0,6856062000.0,427410000.0,1.877,2.58,9130345000.0,129037000.0,9001308000.0,9130345000.0,0.0,638024000.0,0.0,0.0,0.0,885622000.0,1523646000.0,0.153,1523646000.0,885622000.0,477242000.0,1.27,1.25,1.27,4870780000.0,4994848000.0,4870780000.0,22858104000.0,26.0,15.002,849202000.0,4.008,1.0,3126183000.0,0.313,10981805000.0,408380000.0,12765161000.0,12873042250.0,185575000.0,575574000.0,408084000.0,167490000.0,12566637000.0,2399138000.0,10167499000.0,14708810000.0,533875000.0,-76754000.0,-523780000.0,543026000.0,0.0,-138970000.0,-881784000.0,-97032000.0,1557200000.0,-2571000.0,269732000.0,269732000.0,269732000.0,53467000.0,157678000.0,0.027,2003336000.0,1122847000.0,846052000.0,0.0,3.02,54.531,54.89,2788740000.0,0.0,69.71,1.473,1.48,2160113000.0,4356835000.0,9982245000.0,9982245000.0,0.0,0.014,0.054,0.069,0.089,56664000.0,1031125000.0,1.0,211000000.0,211867714.0,216251807.0,47.115,7533070000.0,60070000.0,207510000.0,726962000.0,35.556,2104142000.0
23,DVA,MRT,2015-09-30,2015-09-30,2015-09-30,2021-08-03,-54336000.0,18894828000.0,18456435250.0,4737886000.0,14156942000.0,0.736,23.498,-660036000.0,1047419000.0,1047419000.0,9676164000.0,643324000.0,1.965,2.566,9196713000.0,114617000.0,9082096000.0,9196713000.0,0.0,628294000.0,0.0,0.0,0.0,1174692000.0,1802986000.0,0.133,1802986000.0,1174692000.0,771622000.0,2.28,2.21,2.28,4990353000.0,5069781250.0,4990353000.0,23863227000.0,20.0,13.235,390500000.0,1.839,1.0,3900101000.0,0.287,11314361000.0,403070000.0,13319207000.0,12607297250.0,173050000.0,1081124000.0,922848000.0,158276000.0,12805492000.0,2410554000.0,10394938000.0,15587115000.0,-479616000.0,-132650000.0,-359332000.0,600030000.0,0.0,67909000.0,-1596928000.0,-803274000.0,1050536000.0,-1133000.0,483752000.0,483752000.0,483752000.0,0.0,159572000.0,0.036,2537522000.0,1362579000.0,828088000.0,0.0,3.123,32.221,31.724,2621918000.0,0.0,72.33,1.148,1.131,2116824000.0,4362835000.0,13576265000.0,13576265000.0,0.0,0.026,0.095,0.093,0.087,67714000.0,1399240000.0,1.0,215500000.0,212374897.0,216691461.0,63.926,7580467000.0,302030000.0,287870000.0,906807000.0,35.694,2327332000.0
24,DVA,MRT,2015-06-30,2015-06-30,2015-06-30,2021-08-03,-44379000.0,18946818000.0,18258082250.0,4780921000.0,14165897000.0,0.729,24.165,-653610000.0,933735000.0,933735000.0,9501683000.0,601801000.0,2.048,2.475,9209847000.0,108795000.0,9101052000.0,9209847000.0,0.0,615097000.0,0.0,0.0,0.0,1108903000.0,1724000000.0,0.13,1724000000.0,1108903000.0,709436000.0,2.13,2.06,2.13,5146849000.0,5065953500.0,5146849000.0,24573008000.0,22.0,14.253,565830000.0,2.657,1.0,3800741000.0,0.286,11319378000.0,399467000.0,13569262000.0,12061688000.0,159353000.0,1102178000.0,942141000.0,160037000.0,12736776000.0,2334290000.0,10402486000.0,17086050000.0,-487238000.0,-206720000.0,-67207000.0,311577000.0,0.0,73466000.0,-1782211000.0,-920873000.0,1219440000.0,2067000.0,452002000.0,452002000.0,452002000.0,0.0,149799000.0,0.034,2512436000.0,1288305000.0,830392000.0,0.0,3.32,37.801,37.31,2564708000.0,0.0,79.47,1.284,1.272,2123471000.0,4146963000.0,13302424000.0,13302424000.0,0.0,0.025,0.089,0.092,0.083,68446000.0,1368570000.0,1.0,215000000.0,212991606.0,217606198.0,62.455,7627440000.0,432693000.0,257434000.0,900959000.0,35.811,2446631000.0
25,DVA,MRT,2015-03-31,2015-03-31,2015-03-31,2021-08-03,-47625000.0,18366663000.0,18002770500.0,4300795000.0,14065868000.0,0.724,23.298,-636189000.0,1011271000.0,1011271000.0,9302145000.0,575445000.0,1.605,2.484,8498229000.0,118076000.0,8380153000.0,8498229000.0,0.0,602159000.0,0.0,0.0,0.0,1066118000.0,1668277000.0,0.128,1668277000.0,1066118000.0,664767000.0,2.03,1.96,2.03,4971410000.0,4975684000.0,4971410000.0,24997137000.0,23.0,14.984,814200000.0,3.816,1.0,3738150000.0,0.287,11335566000.0,401351000.0,11838539000.0,11524146750.0,145740000.0,583823000.0,422365000.0,161458000.0,12347557000.0,2679516000.0,9668041000.0,17458944000.0,-96798000.0,-233587000.0,-48365000.0,28735000.0,0.0,-213722000.0,-1334223000.0,-463440000.0,1450389000.0,758000.0,429208000.0,429208000.0,429208000.0,0.0,146237000.0,0.033,2447160000.0,1290990000.0,728191000.0,0.0,3.512,40.677,40.039,2500596000.0,0.0,81.28,1.339,1.33,2098895000.0,3976486000.0,13040295000.0,13040295000.0,0.0,0.024,0.086,0.093,0.082,65419000.0,1319246000.0,1.0,214800000.0,213387253.0,213387253.0,61.111,7031097000.0,436359000.0,235559000.0,903950000.0,32.95,1621279000.0
26,DVA,MRT,2014-12-31,2014-12-31,2014-12-31,2021-08-03,-25017000.0,17617432000.0,17760690250.0,3636170000.0,13981262000.0,0.72,24.355,-641330000.0,965241000.0,965241000.0,9119305000.0,863330000.0,1.741,2.21,8418778000.0,120154000.0,8298624000.0,8418778000.0,0.0,590935000.0,0.0,0.0,0.0,1579751000.0,2170686000.0,0.17,2170686000.0,1579751000.0,1169457000.0,3.41,3.33,3.41,5170513000.0,4897723250.0,5170513000.0,23251924000.0,15.0,10.712,818077000.0,3.853,1.0,3675801000.0,0.287,11280137000.0,410294000.0,11702181000.0,11269497000.0,136084000.0,492425000.0,337399000.0,155026000.0,11427156000.0,2088651000.0,9338505000.0,16276526000.0,18992000.0,-263303000.0,19500000.0,-7979000.0,0.0,-164979000.0,-1277729000.0,-372078000.0,1459407000.0,2293000.0,723114000.0,723114000.0,723114000.0,0.0,140216000.0,0.057,1883894000.0,1791907000.0,759799000.0,0.0,3.148,22.509,22.211,2469099000.0,0.0,75.74,1.272,1.257,1926765000.0,4087103000.0,12795106000.0,12795106000.0,0.0,0.041,0.148,0.14,0.123,70591000.0,1261506000.0,1.0,214900000.0,212301827.0,216927681.0,60.268,6337295000.0,83839000.0,446343000.0,650075000.0,29.85,1547519000.0
27,DVA,MRT,2014-09-30,2014-09-30,2014-09-30,2021-08-03,-11624000.0,18101416000.0,17631051500.0,4178435000.0,13922981000.0,0.711,23.399,-661577000.0,1527035000.0,1527035000.0,8880676000.0,857215000.0,1.609,2.45,8502433000.0,121530000.0,8380903000.0,8502433000.0,0.0,576067000.0,0.0,0.0,0.0,1625439000.0,2201506000.0,0.176,2201506000.0,1625439000.0,1205485000.0,3.45,3.37,3.45,4975042000.0,4713214750.0,4975042000.0,23089064000.0,14.0,10.488,1222008000.0,5.747,1.0,3649622000.0,0.291,11342413000.0,419954000.0,11136770000.0,11061241750.0,114677000.0,296157000.0,142122000.0,154035000.0,12191198000.0,2597631000.0,9593567000.0,15710472000.0,556341000.0,-290113000.0,18515000.0,-22408000.0,0.0,-197777000.0,-1130981000.0,-176903000.0,1883585000.0,1514000.0,727372000.0,727372000.0,727372000.0,0.0,129843000.0,0.058,1829398000.0,1820224000.0,748259000.0,0.0,3.158,21.599,21.2,2359203000.0,0.0,73.14,1.254,1.241,1815275000.0,3879083000.0,12530298000.0,12530298000.0,0.0,0.041,0.154,0.147,0.13,71641000.0,1224346000.0,1.0,214800000.0,212617238.0,217236493.0,58.934,6759003000.0,407071000.0,478113000.0,892921000.0,31.79,1580804000.0
28,DVA,MRT,2014-06-30,2014-06-30,2014-06-30,2021-08-03,666000.0,17925571000.0,17312527250.0,4161247000.0,13764324000.0,0.709,22.547,-637794000.0,1420973000.0,1420973000.0,8649476000.0,807267000.0,1.595,2.551,8799565000.0,408987000.0,8390578000.0,8799565000.0,0.0,560207000.0,0.0,0.0,0.0,1570790000.0,2130997000.0,0.174,2130997000.0,1570790000.0,1142293000.0,3.23,3.16,3.23,4785771000.0,4536450750.0,4785771000.0,22746717000.0,14.0,10.674,1131019000.0,5.328,1.0,3628584000.0,0.296,11276918000.0,428497000.0,11419097000.0,10937272500.0,99650000.0,194291000.0,63835000.0,130456000.0,12208504000.0,2608148000.0,9600356000.0,15490944000.0,803069000.0,-258614000.0,14878000.0,161797000.0,0.0,7406000.0,-971850000.0,-73048000.0,1768813000.0,-1300000.0,679878000.0,679878000.0,679878000.0,0.0,127389000.0,0.055,1872820000.0,1755764000.0,710302000.0,0.0,3.237,22.785,22.39,2290844000.0,0.0,72.32,1.262,1.25,2005872000.0,3694961000.0,12278060000.0,12278060000.0,0.0,0.039,0.15,0.144,0.128,71922000.0,1206662000.0,1.0,214200000.0,212258994.0,216720944.0,57.845,6648653000.0,406326000.0,462415000.0,823745000.0,31.323,1553099000.0
29,DVA,MRT,2014-03-31,2014-03-31,2014-03-31,2021-08-03,-1639000.0,17398342000.0,16945011750.0,3707233000.0,13691109000.0,0.707,22.044,-627435000.0,1108069000.0,1108069000.0,8417258000.0,909204000.0,1.445,2.547,8363842000.0,292220000.0,8071622000.0,8363842000.0,0.0,544928000.0,0.0,0.0,0.0,1707752000.0,2252680000.0,0.188,2252680000.0,1707752000.0,1277291000.0,3.74,3.66,3.74,4659567000.0,4371228250.0,4659567000.0,22148499000.0,13.0,9.832,1185806000.0,5.61,1.0,3559986000.0,0.297,11268001000.0,430461000.0,10819940000.0,10823950500.0,101173000.0,129840000.0,8080000.0,121760000.0,11867926000.0,2566174000.0,9301752000.0,14678820000.0,408398000.0,-286796000.0,14040000.0,-438751000.0,0.0,-477724000.0,-926664000.0,-10168000.0,1813241000.0,-455000.0,786571000.0,786571000.0,786571000.0,0.0,122633000.0,0.066,1825028000.0,1734958000.0,677666000.0,0.0,3.15,18.662,18.409,2224439000.0,0.0,68.85,1.226,1.215,1913745000.0,3547278000.0,11977244000.0,11977244000.0,0.0,0.046,0.18,0.158,0.143,71983000.0,1176136000.0,1.0,213200000.0,211375232.0,216118922.0,56.663,6130341000.0,406538000.0,490720000.0,905896000.0,29.002,1141059000.0
30,DVA,MRT,2013-12-31,2013-12-31,2013-12-31,2021-08-03,-2645000.0,17098877000.0,16698795500.0,3472278000.0,13626599000.0,0.704,21.113,-617597000.0,946249000.0,946249000.0,8198377000.0,757201000.0,1.41,2.661,8415928000.0,274697000.0,8141231000.0,8415928000.0,0.0,528119000.0,0.0,0.0,0.0,1444402000.0,1972521000.0,0.168,1972521000.0,1444402000.0,1014459000.0,3.02,2.95,3.02,4432479000.0,4156197000.0,4432479000.0,20949309000.0,15.0,10.621,1155744000.0,5.505,1.0,3565673000.0,0.303,11237347000.0,429943000.0,10869160000.0,10812707000.0,88805000.0,127044000.0,6801000.0,120243000.0,11796036000.0,2462049000.0,9333987000.0,13478799000.0,412501000.0,-248136000.0,16423000.0,-437288000.0,0.0,-482991000.0,-876882000.0,-8758000.0,1773341000.0,-967000.0,633446000.0,633446000.0,633446000.0,-13236000.0,123755000.0,0.054,2107074000.0,1458599000.0,722917000.0,0.0,3.041,21.279,20.983,2189411000.0,0.0,63.37,1.146,1.131,1834253000.0,3363989000.0,11764050000.0,11764050000.0,0.0,0.038,0.152,0.134,0.123,70699000.0,1176485000.0,1.0,212700000.0,209939364.0,214763887.0,56.035,5861530000.0,419756000.0,381013000.0,812419000.0,27.92,1010229000.0
31,DVA,MRT,2013-09-30,2013-09-30,2013-09-30,2021-08-03,-4214000.0,16827319000.0,16427734500.0,3381408000.0,13445911000.0,0.68,20.286,-570724000.0,970694000.0,970694000.0,7778004000.0,696728000.0,1.378,2.757,8441204000.0,259770000.0,8181434000.0,8441204000.0,0.0,498927000.0,0.0,0.0,0.0,1338479000.0,1837406000.0,0.164,1837406000.0,1338479000.0,920175000.0,2.77,2.72,2.77,4267986000.0,3988861500.0,4267986000.0,19955650000.0,15.0,10.861,1048665000.0,4.984,1.0,3400690000.0,0.304,11203810000.0,418304000.0,10640893000.0,10831209000.0,84899000.0,120829000.0,6796000.0,114033000.0,11768656000.0,2453126000.0,9315530000.0,12096940000.0,588500000.0,-4049601000.0,10684000.0,2408467000.0,0.0,3593618000.0,-4622779000.0,-6406000.0,1619389000.0,-1728000.0,577007000.0,577007000.0,577007000.0,-12776000.0,119721000.0,0.052,2037958000.0,1362732000.0,629164000.0,0.0,2.834,20.965,20.542,2048235000.0,0.0,56.9,1.082,1.071,1699590000.0,3151711000.0,11178694000.0,11178694000.0,0.0,0.035,0.145,0.124,0.12,72792000.0,1131431000.0,1.0,212600000.0,210394560.0,214902860.0,53.132,5623509000.0,462489000.0,343168000.0,769713000.0,26.728,928282000.0
32,DVA,MRT,2013-06-30,2013-06-30,2013-06-30,2021-08-03,-3334000.0,16455509000.0,14926932750.0,3131834000.0,13323675000.0,0.678,19.661,-558034000.0,617904000.0,617904000.0,7010043000.0,699442000.0,1.414,2.806,8476614000.0,242324000.0,8234290000.0,8476614000.0,0.0,446508000.0,0.0,0.0,0.0,1306362000.0,1752870000.0,0.173,1752870000.0,1306362000.0,925985000.0,2.88,2.83,2.88,4124881000.0,3556220250.0,4124881000.0,20586447000.0,16.0,11.744,694861000.0,3.312,1.0,3114953000.0,0.308,11133522000.0,380377000.0,10965809000.0,10189073000.0,77997000.0,108089000.0,6794000.0,101295000.0,11572726000.0,2214888000.0,9357838000.0,12780640000.0,344459000.0,-4037075000.0,10621000.0,3748598000.0,0.0,3685602000.0,-4593126000.0,-739000.0,1252895000.0,-912000.0,585100000.0,585100000.0,585100000.0,-12763000.0,114342000.0,0.058,1782251000.0,1332702000.0,592587000.0,0.0,3.098,21.844,20.972,1990963000.0,0.0,60.4,1.262,1.252,1776840000.0,4016375000.0,10124996000.0,10124996000.0,0.0,0.039,0.165,0.128,0.129,75574000.0,1024205000.0,1.0,211600000.0,209797334.0,214849164.0,48.261,5321987000.0,502082000.0,340885000.0,751446000.0,25.367,916946000.0
33,DVA,MRT,2013-03-31,2013-03-31,2013-03-31,2021-08-03,-16741000.0,16413477000.0,13126788750.0,3191168000.0,13222309000.0,0.698,18.182,-554411000.0,699671000.0,699671000.0,6295045000.0,536088000.0,1.372,3.119,8505478000.0,228219000.0,8277259000.0,8505478000.0,0.0,393689000.0,0.0,0.0,0.0,1038484000.0,1432173000.0,0.156,1432173000.0,1038484000.0,705494000.0,2.175,2.145,2.175,3799442000.0,3119648000.0,3799442000.0,20531822000.0,20.0,14.336,593770000.0,2.841,1.0,2871284000.0,0.313,11119079000.0,332990000.0,10774966000.0,9153549750.0,76582000.0,108113000.0,7142000.0,100971000.0,11851052000.0,2325239000.0,9525813000.0,12511245000.0,250381000.0,-4191344000.0,10817000.0,3921859000.0,0.0,3847649000.0,-4744771000.0,-1608000.0,1148181000.0,-678000.0,426061000.0,426061000.0,426061000.0,-13115000.0,110027000.0,0.046,1751333000.0,1119951000.0,628569000.0,0.0,3.293,29.365,27.262,1915453000.0,0.0,59.295,1.365,1.352,1815513000.0,3761999000.0,9166329000.0,9166329000.0,0.0,0.032,0.137,0.113,0.113,73405000.0,968888000.0,1.0,211000000.0,208968952.0,214127266.0,43.865,5294398000.0,441828000.0,279433000.0,775504000.0,25.336,865929000.0
34,DVA,MRT,2012-12-31,2012-12-31,2012-12-31,2021-08-03,-15297000.0,16014633000.0,11312690500.0,2887050000.0,13127583000.0,0.724,19.596,-550146000.0,533748000.0,533748000.0,5583549000.0,641237000.0,1.432,3.06,8559576000.0,233042000.0,8326534000.0,8559576000.0,0.0,343908000.0,0.0,0.0,0.0,1184416000.0,1528324000.0,0.187,1528324000.0,1184416000.0,895862000.0,2.79,2.74,2.79,3763137000.0,2738420000.0,3763137000.0,14632138000.0,12.0,9.574,550702000.0,2.868,1.0,2602731000.0,0.318,11080868000.0,288554000.0,10943168000.0,8142807250.0,78126000.0,101629000.0,7138000.0,94491000.0,11517016000.0,2016425000.0,9500591000.0,10544562000.0,139996000.0,-4294077000.0,6647000.0,3962148000.0,0.0,3872384000.0,-4832450000.0,9044000.0,1100848000.0,-786000.0,536017000.0,536017000.0,536017000.0,222000.0,105220000.0,0.065,1322024000.0,1280707000.0,653107000.0,0.0,2.802,19.672,19.808,1872370000.0,0.0,55.265,1.288,1.296,1689974000.0,3731835000.0,8186280000.0,8186280000.0,0.0,0.047,0.196,0.145,0.145,72312000.0,889879000.0,1.0,190800000.0,192035878.0,195942160.0,42.629,4933765000.0,376492000.0,359845000.0,715657000.0,25.692,870625000.0
35,DVA,MRT,2012-09-30,2012-09-30,2012-09-30,2021-08-03,-18283000.0,10824112000.0,9534984250.0,2325674000.0,8498438000.0,0.782,13.358,-527226000.0,1650961000.0,1650961000.0,5042850000.0,633569000.0,1.74,2.997,5738537000.0,117821000.0,5620716000.0,5738537000.0,0.0,307355000.0,0.0,0.0,0.0,1145836000.0,1453191000.0,0.195,1453191000.0,1145836000.0,891502000.0,2.805,2.755,2.805,2537421000.0,2332904500.0,2537421000.0,14026531000.0,12.0,9.652,524046000.0,2.759,1.0,2416007000.0,0.324,5502502000.0,254334000.0,8072349000.0,7092966750.0,78322000.0,47790000.0,5836000.0,41954000.0,7603707000.0,1336837000.0,6266870000.0,9801506000.0,-159012000.0,-567314000.0,9825000.0,1142231000.0,0.0,-157349000.0,-1052978000.0,19278000.0,1051272000.0,43000.0,528301000.0,528301000.0,528301000.0,19140000.0,105268000.0,0.071,1163471000.0,1252536000.0,272627000.0,0.0,3.863,18.553,18.469,1654657000.0,0.0,51.805,1.314,1.319,1455489000.0,3575996000.0,7458857000.0,7458857000.0,0.0,0.055,0.226,0.162,0.154,69998000.0,802788000.0,1.0,189200000.0,189959716.0,193269240.0,39.265,5321610000.0,356844000.0,363201000.0,484918000.0,28.014,988837000.0
36,DVA,MRT,2012-06-30,2012-06-30,2012-06-30,2021-08-03,-19382000.0,9254933000.0,9005623250.0,2178751000.0,7076182000.0,0.807,12.629,-495735000.0,273445000.0,273445000.0,4905115000.0,622865000.0,1.763,2.617,4498470000.0,105562000.0,4392908000.0,4498470000.0,0.0,294590000.0,0.0,0.0,0.0,1122387000.0,1416977000.0,0.195,1416977000.0,1122387000.0,877699000.0,2.77,2.715,2.77,2378592000.0,2198362500.0,2378592000.0,13273961000.0,12.0,9.368,684097000.0,3.632,1.0,2365684000.0,0.325,5420378000.0,244688000.0,6823716000.0,6707317750.0,77684000.0,48350000.0,8629000.0,39721000.0,6224238000.0,1235864000.0,4988374000.0,9231740000.0,-456380000.0,-1270997000.0,-24004000.0,122343000.0,0.0,41779000.0,-1677883000.0,16620000.0,1179832000.0,-108000.0,518941000.0,518941000.0,518941000.0,18051000.0,103924000.0,0.071,1134876000.0,1230808000.0,299005000.0,0.0,3.881,17.79,17.727,1586460000.0,0.0,49.105,1.27,1.272,1461482000.0,3431275000.0,7270799000.0,7270799000.0,0.0,0.058,0.236,0.167,0.154,65355000.0,787514000.0,1.0,188000000.0,188343166.0,192004380.0,38.604,3834555000.0,311862000.0,358758000.0,431196000.0,20.359,942887000.0
37,DVA,MRT,2012-03-31,2012-03-31,2012-03-31,2021-08-03,-18773000.0,9157084000.0,8740070250.0,2374400000.0,6782684000.0,0.803,12.128,-445085000.0,449290000.0,449290000.0,4768929000.0,623526000.0,1.912,2.748,4491511000.0,89646000.0,4401865000.0,4491511000.0,0.0,281253000.0,0.0,0.0,0.0,1125384000.0,1406637000.0,0.2,1406637000.0,1125384000.0,881508000.0,2.79,2.735,2.79,2274530000.0,2073929250.0,2274530000.0,12560146000.0,11.0,8.929,737052000.0,3.93,1.0,2250097000.0,0.321,5225194000.0,243876000.0,6731996000.0,6584661750.0,72285000.0,45469000.0,8616000.0,36853000.0,6250663000.0,1242115000.0,5008548000.0,8448929000.0,-556720000.0,-1127793000.0,-313779000.0,121772000.0,0.0,-251338000.0,-1487530000.0,12977000.0,1182137000.0,11000.0,523619000.0,523619000.0,523619000.0,18150000.0,99907000.0,0.075,1019725000.0,1230372000.0,269029000.0,0.0,3.715,16.136,16.159,1490572000.0,0.0,45.085,1.204,1.205,1483362000.0,3335938000.0,7019026000.0,7019026000.0,0.0,0.06,0.252,0.171,0.16,67034000.0,738514000.0,1.0,187400000.0,187538184.0,191458210.0,37.427,3931890000.0,313355000.0,357889000.0,528891000.0,20.966,1132285000.0
38,DVA,MRT,2011-12-31,2011-12-31,2011-12-31,2021-08-03,-19484000.0,8903808000.0,8531534500.0,2293244000.0,6610564000.0,0.789,11.31,-400156000.0,393752000.0,393752000.0,4633620000.0,573395000.0,1.969,2.876,4504969000.0,87345000.0,4417624000.0,4504969000.0,0.0,267315000.0,0.0,0.0,0.0,1044383000.0,1311698000.0,0.195,1311698000.0,1044383000.0,803293000.0,2.53,2.48,2.53,2141075000.0,2023895500.0,2141075000.0,11046994000.0,11.0,8.422,779890000.0,4.12,1.0,2098186000.0,0.312,5106467000.0,241090000.0,6743806000.0,6467567750.0,75731000.0,54614000.0,17399000.0,37215000.0,6157467000.0,1164752000.0,4992715000.0,7088235000.0,-466365000.0,-1077442000.0,-312032000.0,127660000.0,0.0,-247183000.0,-1399228000.0,3187000.0,1180046000.0,0.0,478001000.0,478001000.0,478001000.0,17918000.0,95394000.0,0.071,952249000.0,1145937000.0,289653000.0,0.0,3.311,14.829,14.982,1432651000.0,0.0,37.905,1.053,1.066,1476631000.0,3195818000.0,6731806000.0,6731806000.0,0.0,0.056,0.236,0.161,0.155,66083000.0,684715000.0,1.0,187000000.0,189316054.0,193064220.0,35.559,3797341000.0,280382000.0,325292000.0,460510000.0,20.058,1128492000.0
39,DVA,MRT,2011-09-30,2011-09-30,2011-09-30,2021-08-03,-20856000.0,8706668000.0,8334188500.0,2370167000.0,6336501000.0,0.769,10.698,-356105000.0,541206000.0,541206000.0,4560623000.0,489708000.0,1.965,3.088,4499965000.0,82497000.0,4417468000.0,4499965000.0,0.0,254399000.0,0.0,0.0,0.0,894836000.0,1149235000.0,0.179,1149235000.0,894836000.0,661617000.0,2.105,2.065,2.105,1999253000.0,1983232250.0,1999253000.0,9409602000.0,11.0,8.188,793833000.0,4.248,1.0,1849237000.0,0.288,4929754000.0,233219000.0,6529753000.0,6377806750.0,73293000.0,63858000.0,24661000.0,39197000.0,6173373000.0,1205920000.0,4967453000.0,5853378000.0,6641000.0,-977983000.0,-768945000.0,1100529000.0,0.0,141030000.0,-1284327000.0,-6118000.0,1149938000.0,0.0,398898000.0,398898000.0,398898000.0,-3127000.0,90810000.0,0.062,804647000.0,1044590000.0,259459000.0,0.0,2.928,14.674,14.886,1335789000.0,0.0,31.335,0.913,0.914,1407228000.0,3047695000.0,6409860000.0,6409860000.0,0.0,0.048,0.201,0.14,0.14,70654000.0,648436000.0,1.0,186800000.0,186883240.0,190342450.0,34.299,3776914000.0,256325000.0,262719000.0,432340000.0,20.21,1164247000.0
40,DVA,MRT,2011-06-30,2011-06-30,2011-06-30,2021-08-03,-11787000.0,8192721000.0,8064297750.0,2513364000.0,5679357000.0,0.781,9.849,-329180000.0,729825000.0,729825000.0,4515459000.0,470743000.0,2.427,3.1,4286049000.0,75226000.0,4210823000.0,4286049000.0,0.0,245064000.0,0.0,0.0,0.0,838338000.0,1083402000.0,0.172,1083402000.0,838338000.0,626477000.0,1.96,1.93,1.96,1880859000.0,2063777250.0,1880859000.0,11557997000.0,14.0,10.668,486930000.0,2.55,1.0,1786128000.0,0.283,4380242000.0,211861000.0,6333092000.0,6036833000.0,68629000.0,63203000.0,23014000.0,40189000.0,5830091000.0,1035611000.0,4794480000.0,8271255000.0,155109000.0,-247997000.0,-781984000.0,891628000.0,0.0,-85615000.0,-575386000.0,-6209000.0,816110000.0,0.0,382924000.0,382924000.0,382924000.0,-1956000.0,87819000.0,0.061,802675000.0,983453000.0,254129000.0,0.0,4.398,21.6,22.094,1223662000.0,0.0,43.305,1.313,1.312,1406834000.0,2912334000.0,6301587000.0,6301587000.0,0.0,0.047,0.186,0.139,0.133,70140000.0,613839000.0,1.0,191000000.0,190976898.0,195315156.0,32.997,3812479000.0,235278000.0,243553000.0,456361000.0,19.963,1477753000.0
41,DVA,MRT,2011-03-31,2011-03-31,2011-03-31,2021-08-03,-1677000.0,8322941000.0,7910537750.0,2726916000.0,5596025000.0,0.787,10.775,-298547000.0,1006010000.0,1006010000.0,4462875000.0,473971000.0,2.707,2.786,4292752000.0,74551000.0,4218201000.0,4292752000.0,0.0,238947000.0,0.0,0.0,0.0,834492000.0,1073439000.0,0.172,1073439000.0,834492000.0,638873000.0,1.96,1.935,1.96,2074395000.0,2168880250.0,2074395000.0,11657585000.0,14.0,10.86,609072000.0,3.164,1.0,1764386000.0,0.283,4338690000.0,195619000.0,6263620000.0,5735450250.0,69641000.0,55938000.0,23006000.0,32932000.0,5780052000.0,1007373000.0,4772679000.0,8208960000.0,250101000.0,-268956000.0,-582399000.0,682287000.0,0.0,-99060000.0,-558458000.0,-230000.0,907619000.0,0.0,390762000.0,390762000.0,390762000.0,-1703000.0,83209000.0,0.063,785609000.0,978777000.0,227401000.0,0.0,3.957,21.008,21.814,1183744000.0,0.0,42.755,1.318,1.322,1346502000.0,2812319000.0,6227261000.0,6227261000.0,0.0,0.049,0.18,0.145,0.134,65634000.0,586150000.0,1.0,192000000.0,192527604.0,196756742.0,32.345,3984251000.0,235415000.0,248111000.0,443878000.0,20.694,1719543000.0
42,DVA,MRT,2010-12-31,2010-12-31,2010-12-31,2021-08-03,503000.0,8114424000.0,7752732000.0,2622854000.0,5491570000.0,0.802,9.746,-273602000.0,860117000.0,860117000.0,4427862000.0,484219000.0,2.838,2.878,4308742000.0,74892000.0,4233850000.0,4308742000.0,0.0,234378000.0,0.0,0.0,0.0,846164000.0,1080542000.0,0.174,1080542000.0,846164000.0,664557000.0,2.0,1.97,2.0,1978422000.0,2215568500.0,1978422000.0,9582305000.0,11.0,8.868,566081000.0,2.788,1.0,1791748000.0,0.288,4253942000.0,181607000.0,6384762000.0,5525850250.0,76008000.0,57769000.0,23003000.0,34766000.0,5694238000.0,924345000.0,4769893000.0,6754428000.0,320658000.0,-188502000.0,-564736000.0,674756000.0,0.0,-82392000.0,-436633000.0,2744000.0,839683000.0,0.0,405683000.0,405683000.0,405683000.0,-1855000.0,78536000.0,0.065,806939000.0,984809000.0,181033000.0,0.0,3.414,16.65,17.372,1170808000.0,0.0,34.745,1.086,1.134,1353342000.0,2717817000.0,6219610000.0,6219610000.0,0.0,0.052,0.183,0.153,0.136,65974000.0,571825000.0,1.0,194400000.0,203008746.0,206118342.0,30.637,3860482000.0,266390000.0,258874000.0,421436000.0,19.016,1698509000.0
43,DVA,MRT,2010-09-30,2010-09-30,2010-09-30,2021-08-03,119000.0,7627105000.0,7613685000.0,2262005000.0,5365100000.0,0.835,11.312,-238328000.0,534565000.0,534565000.0,4426340000.0,517357000.0,2.035,2.103,3362442000.0,96252000.0,3266190000.0,3362442000.0,0.0,231172000.0,0.0,0.0,0.0,908055000.0,1139227000.0,0.179,1139227000.0,908055000.0,735496000.0,2.165,2.145,2.165,2321433000.0,2254729500.0,2321433000.0,9891875000.0,11.0,8.683,633395000.0,3.086,1.0,1929594000.0,0.304,4177340000.0,172559000.0,5165858000.0,5308692750.0,68950000.0,56673000.0,22945000.0,33728000.0,4882260000.0,1111784000.0,3770476000.0,7082478000.0,-47115000.0,-161259000.0,-163926000.0,-294442000.0,0.0,-536213000.0,-382625000.0,-2950000.0,871723000.0,0.0,446387000.0,446387000.0,446387000.0,-298000.0,70970000.0,0.07,958093000.0,971501000.0,321179000.0,0.0,3.051,15.866,15.942,1121604000.0,0.0,34.515,1.114,1.114,1332121000.0,2648797000.0,6355934000.0,6355934000.0,0.0,0.059,0.198,0.171,0.143,64712000.0,558583000.0,1.0,205200000.0,205217688.0,208044916.0,30.972,3449765000.0,264626000.0,289109000.0,387717000.0,16.81,1150221000.0
44,DVA,MRT,2010-06-30,2010-06-30,2010-06-30,2021-08-03,-1461000.0,7577681000.0,7591335750.0,2265150000.0,5312531000.0,0.827,11.171,-235751000.0,574716000.0,574716000.0,4377723000.0,500746000.0,2.025,2.118,3384113000.0,96590000.0,3287523000.0,3384113000.0,0.0,229499000.0,0.0,0.0,0.0,904800000.0,1134299000.0,0.181,1134299000.0,904800000.0,726196000.0,2.12,2.1,2.12,2301271000.0,2193572000.0,2301271000.0,9340164000.0,10.0,8.234,642093000.0,3.117,1.0,1902569000.0,0.303,4140699000.0,178604000.0,5127561000.0,5373268250.0,69386000.0,55528000.0,22926000.0,32602000.0,4873512000.0,1118818000.0,3754694000.0,6487516000.0,30603000.0,-136004000.0,-136197000.0,-287254000.0,0.0,-491750000.0,-355491000.0,-3330000.0,877844000.0,0.0,437930000.0,437930000.0,437930000.0,-393000.0,62816000.0,0.07,941731000.0,960838000.0,238219000.0,0.0,2.819,14.814,14.726,1106028000.0,0.0,31.22,1.033,1.024,1302247000.0,2529410000.0,6280292000.0,6280292000.0,0.0,0.058,0.2,0.168,0.144,64566000.0,545473000.0,1.0,207800000.0,206007246.0,208898130.0,30.486,3436982000.0,256653000.0,288266000.0,355587000.0,16.684,1146332000.0
45,DVA,MRT,2010-03-31,2010-03-31,2010-03-31,2021-08-03,-3320000.0,7691718000.0,7557174000.0,2461251000.0,5230467000.0,0.822,10.938,-243987000.0,755909000.0,755909000.0,4319050000.0,496485000.0,2.35,2.221,3608557000.0,98844000.0,3509713000.0,3608557000.0,0.0,229331000.0,0.0,0.0,0.0,905277000.0,1134608000.0,0.183,1134608000.0,905277000.0,723240000.0,2.105,2.09,2.105,2261148000.0,2118268750.0,2261148000.0,9635645000.0,11.0,8.492,550321000.0,2.662,1.0,1893376000.0,0.305,4071671000.0,182037000.0,5425220000.0,5442021750.0,68038000.0,54456000.0,22907000.0,31549000.0,5022597000.0,1047475000.0,3975122000.0,6542880000.0,350226000.0,-48858000.0,-41600000.0,-75074000.0,0.0,-173122000.0,-270960000.0,2123000.0,794308000.0,0.0,435896000.0,435896000.0,435896000.0,-393000.0,60589000.0,0.07,936491000.0,956885000.0,177764000.0,0.0,2.894,15.01,15.059,1093850000.0,0.0,31.7,1.053,1.055,1328824000.0,2421557000.0,6212426000.0,6212426000.0,0.0,0.058,0.206,0.166,0.146,60050000.0,541535000.0,1.0,206400000.0,206729738.0,209531200.0,30.051,3620047000.0,251088000.0,287344000.0,405103000.0,17.511,1413776000.0
46,DVA,MRT,2009-12-31,2009-12-31,2009-12-31,2021-08-03,-5548000.0,7558236000.0,7443097250.0,2302521000.0,5255715000.0,0.82,10.304,-274605000.0,539459000.0,539459000.0,4242147000.0,479759000.0,2.199,2.357,3632224000.0,100007000.0,3532217000.0,3632224000.0,0.0,228986000.0,0.0,0.0,0.0,886652000.0,1115638000.0,0.183,1115638000.0,886652000.0,700897000.0,2.04,2.03,2.04,2135066000.0,2019467250.0,2135066000.0,9078078000.0,10.0,8.137,392105000.0,1.892,1.0,1858501000.0,0.305,4087928000.0,185755000.0,5516132000.0,5441983000.0,70041000.0,56722000.0,26475000.0,30247000.0,5032352000.0,1046941000.0,3985411000.0,6003228000.0,128578000.0,-87617000.0,-85587000.0,-61232000.0,0.0,-192072000.0,-346060000.0,8465000.0,666710000.0,0.0,422684000.0,422684000.0,422684000.0,-393000.0,57075000.0,0.069,921315000.0,937186000.0,176657000.0,0.0,2.812,14.203,14.397,1104925000.0,0.0,29.37,0.984,0.998,1369359000.0,2312134000.0,6100648000.0,6100648000.0,0.0,0.057,0.209,0.163,0.145,55713000.0,531531000.0,1.0,204400000.0,207207770.0,208335370.0,29.442,3470308000.0,256953000.0,278213000.0,357919000.0,16.748,1255580000.0
47,DVA,MRT,2009-09-30,2009-09-30,2009-09-30,2021-08-03,-7838000.0,7537708000.0,7375059000.0,2308533000.0,5229175000.0,0.814,9.972,-299699000.0,581680000.0,581680000.0,4164966000.0,463922000.0,2.073,2.459,3656530000.0,100677000.0,3555853000.0,3656530000.0,0.0,228365000.0,0.0,0.0,0.0,877177000.0,1105542000.0,0.184,1105542000.0,877177000.0,680428000.0,1.985,1.97,1.985,2076803000.0,1927637500.0,2076803000.0,9018154000.0,10.0,8.157,412969000.0,1.983,1.0,1836640000.0,0.306,4074889000.0,196749000.0,5424160000.0,5405408250.0,69014000.0,52258000.0,20680000.0,31578000.0,5106739000.0,1113509000.0,3993230000.0,5890560000.0,193733000.0,-88803000.0,-87379000.0,-49326000.0,0.0,-168917000.0,-350018000.0,32149000.0,712668000.0,0.0,411325000.0,411325000.0,411325000.0,0.0,52597000.0,0.069,913180000.0,923460000.0,256707000.0,0.0,2.836,14.321,14.267,1088446000.0,0.0,28.32,0.981,0.983,1378646000.0,2202410000.0,6001606000.0,6001606000.0,0.0,0.056,0.213,0.162,0.146,50284000.0,528029000.0,1.0,208000000.0,208254668.0,209214636.0,28.819,3462819000.0,223697000.0,269103000.0,319267000.0,16.628,1195024000.0
48,DVA,MRT,2009-06-30,2009-06-30,2009-06-30,2021-08-03,-10033000.0,7441034000.0,7283605250.0,2233397000.0,5207637000.0,0.807,9.643,-311160000.0,544113000.0,544113000.0,4074757000.0,445390000.0,2.014,2.548,3671707000.0,92290000.0,3579417000.0,3671707000.0,0.0,226522000.0,0.0,0.0,0.0,856942000.0,1083464000.0,0.184,1083464000.0,856942000.0,651223000.0,1.9,1.885,1.9,2000058000.0,1885106500.0,2000058000.0,8392009000.0,10.0,7.746,394216000.0,1.901,1.0,1800069000.0,0.306,4057213000.0,205719000.0,5402575000.0,5385833750.0,65354000.0,50080000.0,19109000.0,30971000.0,5096081000.0,1108840000.0,3987241000.0,5114164000.0,217127000.0,-98510000.0,-50890000.0,-36529000.0,0.0,-117681000.0,-370568000.0,32848000.0,705376000.0,0.0,394305000.0,394305000.0,394305000.0,0.0,51085000.0,0.067,900307000.0,899762000.0,230576000.0,0.0,2.557,12.97,13.016,1075349000.0,0.0,24.73,0.871,0.873,1355261000.0,2091480000.0,5874826000.0,5874826000.0,0.0,0.054,0.209,0.159,0.146,50580000.0,521715000.0,1.0,206800000.0,207411366.0,207851686.0,28.325,3383821000.0,211709000.0,256918000.0,277712000.0,16.315,1124557000.0
49,DVA,MRT,2009-03-31,2009-03-31,2009-03-31,2021-08-03,-12111000.0,7235411000.0,7185736750.0,2031463000.0,5203948000.0,0.802,8.981,-326492000.0,405683000.0,405683000.0,3996164000.0,433586000.0,1.979,2.691,3683528000.0,83295000.0,3600233000.0,3683528000.0,0.0,221229000.0,0.0,0.0,0.0,842072000.0,1063301000.0,0.185,1063301000.0,842072000.0,628121000.0,1.845,1.825,1.845,1865942000.0,1830061750.0,1865942000.0,7850670000.0,9.0,7.383,313546000.0,1.509,1.0,1766925000.0,0.307,4061585000.0,213951000.0,5425065000.0,5355090000.0,71353000.0,54481000.0,25413000.0,29068000.0,5021670000.0,1026606000.0,3995064000.0,4566405000.0,-73633000.0,-136116000.0,-216763000.0,-23047000.0,0.0,-283530000.0,-430141000.0,27741000.0,640038000.0,0.0,383437000.0,383437000.0,383437000.0,0.0,50149000.0,0.067,884311000.0,882614000.0,217125000.0,0.0,2.447,11.909,11.911,1067289000.0,0.0,21.975,0.792,0.792,1283221000.0,1985661000.0,5763089000.0,5763089000.0,0.0,0.053,0.21,0.157,0.146,48846000.0,514748000.0,1.0,207800000.0,207756834.0,208818052.0,27.74,3173826000.0,213339000.0,244684000.0,268312000.0,15.277,1004857000.0
50,DVA,MRT,2008-12-31,2008-12-31,2008-12-31,2021-08-03,-14339000.0,7286083000.0,7124492000.0,2128296000.0,5157787000.0,0.794,8.406,-317962000.0,410881000.0,410881000.0,3920487000.0,421320000.0,1.83,2.923,3695146000.0,72725000.0,3622421000.0,3695146000.0,0.0,216917000.0,0.0,0.0,0.0,834347000.0,1051264000.0,0.186,1051264000.0,834347000.0,609631000.0,1.78,1.765,1.78,1767747000.0,1813157750.0,1767747000.0,8464956000.0,10.0,8.052,295739000.0,1.406,1.0,1739686000.0,0.307,4037452000.0,224716000.0,5369833000.0,5297761250.0,84174000.0,60462000.0,35532000.0,24930000.0,5167787000.0,1163063000.0,4004724000.0,5145366000.0,-36165000.0,-101959000.0,-192468000.0,-13551000.0,0.0,-252127000.0,-397739000.0,21652000.0,613701000.0,0.0,374160000.0,374160000.0,374160000.0,0.0,47160000.0,0.066,871386000.0,868300000.0,282883000.0,0.0,2.911,13.752,13.924,1048075000.0,0.0,24.785,0.909,0.921,1314622000.0,1889450000.0,5660173000.0,5660173000.0,0.0,0.053,0.206,0.157,0.147,47210000.0,508240000.0,1.0,207600000.0,210298896.0,211879450.0,26.915,3248631000.0,249326000.0,235471000.0,244884000.0,15.448,965233000.0
51,DVA,MRT,2008-09-30,2008-09-30,2008-09-30,2021-08-03,-4846000.0,7171893000.0,7038961250.0,2063989000.0,5107904000.0,0.789,9.118,-320050000.0,387947000.0,387947000.0,3836646000.0,444156000.0,1.837,2.761,3707537000.0,64262000.0,3643275000.0,3707537000.0,0.0,212065000.0,0.0,0.0,0.0,820968000.0,1033033000.0,0.186,1033033000.0,820968000.0,589426000.0,1.715,1.69,1.715,1906679000.0,1804283500.0,1906679000.0,9334171000.0,11.0,9.036,366457000.0,1.752,1.0,1717386000.0,0.309,4021871000.0,231542000.0,5345862000.0,5246993250.0,82494000.0,77783000.0,51614000.0,26169000.0,5265214000.0,1123750000.0,4141464000.0,5951844000.0,-3353000.0,-122469000.0,-120857000.0,-2217000.0,0.0,-189501000.0,-500359000.0,-64202000.0,686507000.0,0.0,361512000.0,361512000.0,361512000.0,0.0,82644000.0,0.065,866062000.0,851324000.0,212661000.0,0.0,3.122,16.464,16.621,1011702000.0,0.0,28.505,1.072,1.073,1286764000.0,1791085000.0,5554032000.0,5554032000.0,0.0,0.051,0.2,0.156,0.148,47863000.0,509568000.0,1.0,208800000.0,209113540.0,211155646.0,26.56,3150022000.0,219160000.0,227914000.0,214477000.0,15.064,940239000.0
52,DVA,MRT,2008-06-30,2008-06-30,2008-06-30,2021-08-03,-5051000.0,7049560000.0,6941346750.0,1989239000.0,5060321000.0,0.782,8.491,-312220000.0,326986000.0,326986000.0,3721241000.0,430873000.0,1.731,2.961,3709313000.0,52195000.0,3657118000.0,3709313000.0,0.0,206325000.0,0.0,0.0,0.0,829233000.0,1035558000.0,0.191,1035558000.0,829233000.0,589481000.0,1.71,1.685,1.71,1779879000.0,1734430250.0,1779879000.0,8788830000.0,11.0,8.487,309870000.0,1.478,1.0,1704037000.0,0.314,4002827000.0,239752000.0,5279600000.0,5195345000.0,81222000.0,77384000.0,51138000.0,26246000.0,5269681000.0,1149460000.0,4120221000.0,5562711000.0,-69916000.0,-167595000.0,-119889000.0,-3275000.0,0.0,-167097000.0,-524909000.0,-55086000.0,622090000.0,0.0,362057000.0,362057000.0,362057000.0,0.0,68816000.0,0.067,849103000.0,854934000.0,207206000.0,0.0,3.125,15.364,15.535,985503000.0,0.0,26.565,1.025,1.026,1267008000.0,1697175000.0,5425278000.0,5425278000.0,0.0,0.052,0.209,0.16,0.153,44530000.0,501547000.0,1.0,209400000.0,209629634.0,211234346.0,25.88,3046733000.0,228129000.0,227424000.0,181419000.0,14.534,839779000.0
53,DVA,MRT,2008-03-31,2008-03-31,2008-03-31,2021-08-03,-13640000.0,6990432000.0,6846802250.0,2018477000.0,4971955000.0,0.779,8.375,-287441000.0,479316000.0,479316000.0,3638968000.0,448069000.0,1.885,2.887,3705435000.0,35626000.0,3669809000.0,3705435000.0,0.0,200491000.0,0.0,0.0,0.0,889564000.0,1090055000.0,0.204,1090055000.0,889564000.0,642221000.0,1.85,1.82,1.85,1798326000.0,1664624500.0,1798326000.0,8389696000.0,9.0,7.697,313505000.0,1.46,1.0,1691741000.0,0.317,3950067000.0,247343000.0,5195750000.0,5139219000.0,76807000.0,76951000.0,45859000.0,31092000.0,5192106000.0,1070734000.0,4121372000.0,5129424000.0,122932000.0,-132674000.0,45796000.0,-53320000.0,0.0,-24689000.0,-453325000.0,-43266000.0,600946000.0,0.0,392130000.0,392130000.0,392130000.0,0.0,55939000.0,0.074,836949000.0,854792000.0,211600000.0,0.0,2.852,13.081,12.908,954858000.0,0.0,23.88,0.962,0.962,1145075000.0,1602224000.0,5330709000.0,5330709000.0,0.0,0.057,0.236,0.173,0.167,43568000.0,498780000.0,1.0,214800000.0,214734712.0,216478720.0,24.825,3040365000.0,241816000.0,250091000.0,219324000.0,14.159,947743000.0
54,DVA,MRT,2007-12-31,2007-12-31,2007-12-31,2021-08-03,-2511000.0,6943960000.0,6733693500.0,1976250000.0,4967710000.0,0.782,8.179,-272212000.0,447046000.0,447046000.0,3590344000.0,428643000.0,1.819,3.009,3707318000.0,23431000.0,3683887000.0,3707318000.0,0.0,193470000.0,0.0,0.0,0.0,884506000.0,1077976000.0,0.205,1077976000.0,884506000.0,627359000.0,1.805,1.775,1.805,1732250000.0,1553578750.0,1732250000.0,9326542000.0,11.0,8.652,308853000.0,1.458,1.0,1673807000.0,0.318,3950975000.0,257147000.0,5166761000.0,5099341750.0,80173000.0,82286000.0,40278000.0,42008000.0,5211710000.0,1086496000.0,4125214000.0,6012545000.0,136844000.0,-127094000.0,56552000.0,-47302000.0,0.0,2522000.0,-446743000.0,-57435000.0,581065000.0,0.0,381778000.0,381778000.0,381778000.0,0.0,46865000.0,0.073,821388000.0,852419000.0,225461000.0,0.0,3.471,15.749,15.609,939326000.0,0.0,28.175,1.142,1.134,1126693000.0,1515290000.0,5264151000.0,5264151000.0,0.0,0.057,0.246,0.173,0.168,41396000.0,491236000.0,1.0,213400000.0,211786104.0,214836480.0,24.856,2992985000.0,247578000.0,245581000.0,182547000.0,14.132,889754000.0
55,DVA,MRT,2007-09-30,2007-09-30,2007-09-30,2021-08-03,5010000.0,6781435000.0,6620657500.0,1920520000.0,4860915000.0,0.783,7.663,-257361000.0,391300000.0,391300000.0,3535397000.0,370190000.0,1.844,3.167,3705297000.0,9711000.0,3695586000.0,3705297000.0,0.0,187287000.0,0.0,0.0,0.0,875503000.0,1062790000.0,0.205,1062790000.0,875503000.0,611100000.0,1.76,1.735,1.76,1627266000.0,1431997250.0,1627266000.0,9989191000.0,11.0,9.399,242457000.0,1.142,1.0,1646502000.0,0.318,3914583000.0,264403000.0,5139269000.0,5044931250.0,75611000.0,32248000.0,22177000.0,10071000.0,5154169000.0,1041580000.0,4112589000.0,6678126000.0,131022000.0,-106480000.0,50812000.0,-120470000.0,0.0,-40681000.0,-328115000.0,31487000.0,499818000.0,0.0,370190000.0,370190000.0,370190000.0,0.0,0.0,0.071,802587000.0,843915000.0,245976000.0,0.0,4.104,18.04,17.949,894164000.0,0.0,31.59,1.289,1.294,1162567000.0,1429573000.0,5181899000.0,5181899000.0,0.0,0.056,0.259,0.174,0.169,37130000.0,480706000.0,1.0,211400000.0,212342946.0,215122278.0,24.403,2866852000.0,241212000.0,240910000.0,186443000.0,13.501,878940000.0
56,DVA,MRT,2007-06-30,2007-06-30,2007-06-30,2021-08-03,13013000.0,6671382000.0,6511331250.0,1887480000.0,4783902000.0,0.783,7.115,-252345000.0,396902000.0,396902000.0,3502203000.0,370591000.0,1.758,3.446,3707967000.0,9564000.0,3698403000.0,3707967000.0,0.0,182535000.0,0.0,0.0,0.0,878943000.0,1061478000.0,0.208,1061478000.0,878943000.0,609351000.0,1.77,1.745,1.77,1500656000.0,1311883750.0,1500656000.0,9072686000.0,10.0,8.547,248632000.0,1.179,1.0,1598356000.0,0.313,3853882000.0,269592000.0,5055096000.0,5016713250.0,69860000.0,38110000.0,21947000.0,16163000.0,5170726000.0,1073469000.0,4097257000.0,5673564000.0,57583000.0,-32088000.0,34190000.0,-237120000.0,0.0,-181445000.0,-261949000.0,22385000.0,500977000.0,0.0,370591000.0,370591000.0,370591000.0,-1765000.0,0.0,0.073,788564000.0,809792000.0,220540000.0,0.0,3.781,15.31,15.22,866370000.0,0.0,26.94,1.112,1.114,1132111000.0,1335118000.0,5100559000.0,5100559000.0,0.0,0.057,0.282,0.175,0.172,34775000.0,473557000.0,1.0,210600000.0,210902612.0,214022496.0,24.184,2817500000.0,233334000.0,238760000.0,185481000.0,13.359,814011000.0
57,DVA,MRT,2007-03-31,2007-03-31,2007-03-31,2021-08-03,13767000.0,6537997000.0,6428838500.0,1748032000.0,4789965000.0,0.777,6.447,-264161000.0,356384000.0,356384000.0,3454163000.0,308804000.0,1.676,3.828,3755506000.0,34133000.0,3721373000.0,3755506000.0,0.0,177194000.0,0.0,0.0,0.0,783701000.0,960895000.0,0.192,960895000.0,783701000.0,508584000.0,1.48,1.46,1.48,1354143000.0,1197430750.0,1354143000.0,9034317000.0,12.0,9.402,367005000.0,1.747,1.0,1541477000.0,0.309,3857832000.0,275117000.0,5036241000.0,5027986250.0,69452000.0,41416000.0,5815000.0,35601000.0,5183854000.0,1043046000.0,4140808000.0,5593268000.0,77238000.0,-61940000.0,31667000.0,-289432000.0,0.0,-237668000.0,-316260000.0,10478000.0,631166000.0,0.0,308804000.0,308804000.0,308804000.0,-1765000.0,0.0,0.062,769521000.0,771956000.0,205299000.0,0.0,4.13,18.113,18.014,854797000.0,0.0,26.66,1.12,1.121,1052690000.0,1210094000.0,4995640000.0,4995640000.0,0.0,0.048,0.258,0.156,0.157,31421000.0,462569000.0,1.0,209800000.0,210026280.0,213478432.0,23.786,2680165000.0,235191000.0,199780000.0,194628000.0,12.761,704986000.0
58,DVA,MRT,2006-12-31,2006-12-31,2006-12-31,2021-08-03,12997000.0,6491816000.0,6341702750.0,1709496000.0,4782320000.0,0.77,6.018,-262708000.0,310202000.0,310202000.0,3390351000.0,289691000.0,1.537,4.21,3751251000.0,20871000.0,3730380000.0,3751251000.0,0.0,173295000.0,0.0,0.0,0.0,752827000.0,926122000.0,0.19,926122000.0,752827000.0,476121000.0,1.4,1.37,1.4,1245924000.0,1099528000.0,1245924000.0,9479993000.0,13.0,10.236,256863000.0,1.241,1.0,1490311000.0,0.305,3871574000.0,276706000.0,4949119000.0,5091268750.0,89119000.0,19721000.0,4734000.0,14987000.0,5245892000.0,1112172000.0,4133720000.0,5915520000.0,-121609000.0,-64325000.0,40593000.0,-406959000.0,0.0,-329117000.0,-312063000.0,20567000.0,519571000.0,0.0,289691000.0,289691000.0,289691000.0,-362000.0,0.0,0.059,753014000.0,737297000.0,251686000.0,0.0,4.748,20.42,20.314,849966000.0,0.0,28.44,1.212,1.206,1081227000.0,1129621000.0,4880662000.0,4880662000.0,0.0,0.046,0.263,0.148,0.154,29513000.0,453516000.0,1.0,208000000.0,207040508.0,211586492.0,23.573,2620242000.0,199090000.0,186430000.0,150272000.0,12.656,597324000.0
59,DVA,MRT,2006-09-30,2006-09-30,2006-09-30,2021-08-03,14091000.0,6344130000.0,6288689250.0,1612758000.0,4731372000.0,0.754,5.525,-245261000.0,260278000.0,260278000.0,3317086000.0,279711000.0,1.596,4.532,3824751000.0,6640000.0,3818111000.0,3824751000.0,0.0,170725000.0,0.0,0.0,0.0,729821000.0,900546000.0,0.19,900546000.0,729821000.0,450136000.0,1.355,1.335,1.355,1146812000.0,1000699250.0,1146812000.0,9600068000.0,13.0,10.66,267546000.0,1.289,1.0,1424274000.0,0.3,3871849000.0,279685000.0,5026397000.0,5150262250.0,99336000.0,2179000.0,0.0,2179000.0,5197318000.0,1010357000.0,4186961000.0,5995332000.0,-76918000.0,-2827363000.0,36493000.0,2451700000.0,0.0,2468312000.0,-3058037000.0,20308000.0,512807000.0,0.0,279711000.0,279711000.0,279711000.0,-9503000.0,0.0,0.059,719777000.0,704497000.0,227650000.0,0.0,5.228,21.434,21.354,813055000.0,0.0,28.935,1.264,1.267,1032540000.0,1055492000.0,4741360000.0,4741360000.0,0.0,0.044,0.28,0.142,0.154,25827000.0,426583000.0,1.0,207200000.0,207569020.0,211847952.0,22.842,2472281000.0,198372000.0,170425000.0,147243000.0,11.911,602401000.0
60,DVA,MRT,2006-06-30,2006-06-30,2006-06-30,2021-08-03,24434000.0,6341411000.0,5419790500.0,1629623000.0,4711788000.0,0.766,5.039,-210822000.0,339319000.0,339319000.0,2895249000.0,240072000.0,1.661,5.081,3944055000.0,5008000.0,3939047000.0,3944055000.0,0.0,152619000.0,0.0,0.0,0.0,617633000.0,770252000.0,0.186,770252000.0,617633000.0,381568000.0,1.175,1.15,1.175,1042844000.0,907129500.0,1042844000.0,8899434000.0,14.0,11.554,289657000.0,1.4,1.0,1253962000.0,0.302,3864912000.0,236065000.0,5100188000.0,4415027000.0,93362000.0,1936000.0,0.0,1936000.0,5298567000.0,981047000.0,4317520000.0,5134010000.0,26558000.0,-2862092000.0,40088000.0,2570051000.0,0.0,2584286000.0,-3058207000.0,20308000.0,500479000.0,0.0,240072000.0,240072000.0,240072000.0,-12041000.0,0.0,0.058,627559000.0,626403000.0,190096000.0,0.0,4.923,21.385,21.149,787378000.0,0.0,24.85,1.237,1.239,994896000.0,960636000.0,4149211000.0,4149211000.0,0.0,0.044,0.265,0.14,0.149,27158000.0,373956000.0,1.0,206600000.0,206958124.0,211290416.0,20.049,2476499000.0,177426000.0,141496000.0,138455000.0,11.966,648576000.0
61,DVA,MRT,2006-03-31,2006-03-31,2006-03-31,2021-08-03,21004000.0,6189454000.0,4522311000.0,1537439000.0,4652015000.0,0.787,4.692,-183731000.0,279146000.0,279146000.0,2465501000.0,229778000.0,1.854,5.43,4044570000.0,5237000.0,4039333000.0,4044570000.0,0.0,136762000.0,0.0,0.0,0.0,551181000.0,687943000.0,0.193,687943000.0,551181000.0,358667000.0,1.135,1.105,1.135,962532000.0,818126000.0,962532000.0,9884874000.0,18.0,14.369,166853000.0,0.813,1.0,1092979000.0,0.307,3836382000.0,192514000.0,5289371000.0,3647069250.0,88255000.0,3028000.0,0.0,3028000.0,5226922000.0,829125000.0,4397797000.0,6159483000.0,-38733000.0,-2906207000.0,47951000.0,2667874000.0,0.0,2685684000.0,-3075001000.0,20308000.0,350584000.0,0.0,229778000.0,229778000.0,229778000.0,-16857000.0,0.0,0.065,538921000.0,554058000.0,178298000.0,0.0,6.399,26.806,26.524,759853000.0,0.0,30.105,1.731,1.736,995112000.0,897399000.0,3558480000.0,3558480000.0,0.0,0.051,0.281,0.151,0.155,32578000.0,322368000.0,1.0,204600000.0,205162910.0,210776838.0,17.345,2353072000.0,152304000.0,128889000.0,112631000.0,11.469,708314000.0
62,DVA,MRT,2005-12-31,2005-12-31,2005-12-31,2021-08-03,14806000.0,6279762000.0,3637400500.0,1654408000.0,4625354000.0,0.818,4.221,-161365000.0,431811000.0,431811000.0,2035243000.0,228643000.0,1.672,6.383,4157202000.0,71767000.0,4085435000.0,4157202000.0,0.0,119719000.0,0.0,0.0,0.0,491904000.0,611623000.0,0.206,611623000.0,491904000.0,352318000.0,1.135,1.1,1.135,850609000.0,732096250.0,850609000.0,6177906000.0,13.0,10.101,324189000.0,1.609,1.0,938675000.0,0.316,3830327000.0,139586000.0,5185093000.0,2831532500.0,69130000.0,3181000.0,0.0,3181000.0,5429153000.0,989733000.0,4439420000.0,5150088000.0,179832000.0,-2903555000.0,43919000.0,2773606000.0,0.0,2739641000.0,-3045363000.0,20308000.0,485554000.0,0.0,228643000.0,228643000.0,228643000.0,-21221000.0,0.0,0.077,451215000.0,487460000.0,212049000.0,0.0,6.055,22.525,22.308,750078000.0,0.0,25.32,1.732,1.716,970180000.0,839930000.0,2973918000.0,2973918000.0,0.0,0.063,0.312,0.174,0.165,41837000.0,272463000.0,1.0,203400000.0,201524000.0,208136000.0,14.757,2449435000.0,144824000.0,123675000.0,167458000.0,12.155,664675000.0
63,DVA,MRT,2005-09-30,2005-09-30,2005-09-30,2021-08-03,11001000.0,2868535000.0,2695449750.0,1029181000.0,1839354000.0,0.866,3.813,-135985000.0,337196000.0,337196000.0,1570650000.0,221096000.0,2.185,2.713,1365014000.0,4349000.0,1360665000.0,1365014000.0,0.0,100292000.0,0.0,0.0,0.0,418409000.0,518701000.0,0.222,518701000.0,418409000.0,335933000.0,1.115,1.07,1.115,772533000.0,650227500.0,772533000.0,5706176000.0,14.0,11.001,253566000.0,1.251,1.0,764691000.0,0.327,1339906000.0,82476000.0,2085456000.0,2029542250.0,36032000.0,2526000.0,0.0,2526000.0,2096002000.0,470991000.0,1625011000.0,4653070000.0,110254000.0,-126095000.0,72064000.0,-23142000.0,0.0,-16438000.0,-262859000.0,0.0,389551000.0,0.0,221096000.0,221096000.0,221096000.0,-31229000.0,0.0,0.095,363309000.0,401382000.0,99080000.0,0.0,6.023,21.045,20.659,452033000.0,0.0,23.035,1.992,1.999,502887000.0,775781000.0,2335341000.0,2335341000.0,0.0,0.082,0.34,0.206,0.179,49326000.0,228090000.0,1.0,202000000.0,202614922.0,208743578.0,11.526,1528629000.0,104772000.0,114837000.0,184168000.0,7.545,558190000.0
64,DVA,MRT,2005-06-30,2005-06-30,2005-06-30,2021-08-03,-1331000.0,2751493000.0,2586038750.0,979208000.0,1772285000.0,0.884,3.418,-139094000.0,312761000.0,312761000.0,1532347000.0,226265000.0,2.134,3.006,1365867000.0,4480000.0,1361387000.0,1365867000.0,0.0,96177000.0,0.0,0.0,0.0,421129000.0,517306000.0,0.226,517306000.0,421129000.0,349196000.0,1.145,1.1,1.145,686830000.0,570178250.0,686830000.0,5603021000.0,13.0,10.831,281700000.0,1.402,1.0,753633000.0,0.33,1317391000.0,71933000.0,2028357000.0,1994944250.0,35480000.0,2054000.0,0.0,2054000.0,2064663000.0,458851000.0,1605812000.0,4552548000.0,112060000.0,-302896000.0,-23336000.0,220778000.0,0.0,134091000.0,-442825000.0,0.0,420794000.0,0.0,226265000.0,226265000.0,226265000.0,-26926000.0,0.0,0.099,348994000.0,404639000.0,101381000.0,0.0,6.628,20.12,19.86,440601000.0,0.0,22.74,1.992,1.999,489970000.0,720564000.0,2285980000.0,2285980000.0,0.0,0.087,0.397,0.211,0.184,45430000.0,217870000.0,1.0,200200000.0,200953174.0,207690060.0,11.376,1434102000.0,95980000.0,122931000.0,157041000.0,7.136,520357000.0
65,DVA,MRT,2005-03-31,2005-03-31,2005-03-31,2021-08-03,7710000.0,2649812000.0,2432259000.0,961917000.0,1687895000.0,0.913,3.111,-129272000.0,317879000.0,317879000.0,1494261000.0,225723000.0,2.222,3.285,1368352000.0,6346000.0,1362006000.0,1368352000.0,0.0,91244000.0,0.0,0.0,0.0,411082000.0,502326000.0,0.226,502326000.0,411082000.0,352776000.0,1.145,1.095,1.145,618413000.0,516272750.0,618413000.0,5267003000.0,13.0,10.485,275963000.0,1.388,1.0,726264000.0,0.327,1240200000.0,58306000.0,2027224000.0,1909548750.0,34697000.0,3356000.0,0.0,3356000.0,2031399000.0,432861000.0,1598538000.0,4143150000.0,164723000.0,-235625000.0,-36077000.0,212076000.0,0.0,125055000.0,-365567000.0,0.0,405235000.0,0.0,225723000.0,225723000.0,225723000.0,-22110000.0,0.0,0.102,329762000.0,396502000.0,91366000.0,0.0,6.7,18.355,18.275,415713000.0,0.0,20.925,1.866,1.873,472983000.0,667621000.0,2220525000.0,2220525000.0,0.0,0.093,0.437,0.215,0.185,44315000.0,203741000.0,1.0,198000000.0,198799224.0,206300598.0,11.17,1409612000.0,91917000.0,127053000.0,185876000.0,7.091,529056000.0
66,DVA,MRT,2004-12-31,2004-12-31,2004-12-31,2021-08-03,1730000.0,2511959000.0,2282394500.0,868720000.0,1643239000.0,0.954,2.649,-128328000.0,251979000.0,251979000.0,1470175000.0,222254000.0,1.967,3.802,1375832000.0,53364000.0,1322468000.0,1375832000.0,0.0,86666000.0,0.0,0.0,0.0,402997000.0,489663000.0,0.225,489663000.0,402997000.0,350586000.0,1.125,1.08,1.125,523134000.0,459376000.0,523134000.0,5019150000.0,12.0,10.25,291617000.0,1.477,1.0,707155000.0,0.325,1216945000.0,52411000.0,1977132000.0,1820867500.0,31843000.0,3332000.0,0.0,3332000.0,1988825000.0,441735000.0,1547090000.0,3858128000.0,190322000.0,-250698000.0,-53108000.0,207299000.0,0.0,150038000.0,-379661000.0,0.0,419945000.0,0.0,222254000.0,222254000.0,222254000.0,-17746000.0,0.0,0.102,313780000.0,393375000.0,96231000.0,0.0,7.375,17.359,17.569,412064000.0,0.0,19.765,1.772,1.792,500514000.0,611287000.0,2177330000.0,2177330000.0,0.0,0.097,0.484,0.221,0.185,42770000.0,192082000.0,1.0,195200000.0,197454000.0,205722000.0,11.027,1295014000.0,78593000.0,128332000.0,149866000.0,6.559,426985000.0
67,DVA,MRT,2004-09-30,2004-09-30,2004-09-30,2021-08-03,-360000.0,2430891000.0,2140787250.0,826874000.0,1604017000.0,0.999,2.281,-126113000.0,226942000.0,226942000.0,1422538000.0,228450000.0,1.855,4.374,1387964000.0,53277000.0,1334687000.0,1387964000.0,0.0,83439000.0,0.0,0.0,0.0,413027000.0,496466000.0,0.232,496466000.0,413027000.0,364633000.0,1.165,1.095,1.165,452336000.0,405310250.0,452336000.0,4073989000.0,10.0,8.206,241067000.0,1.215,1.0,716360000.0,0.335,1199196000.0,48394000.0,1947064000.0,1752697750.0,30666000.0,4381000.0,0.0,4381000.0,1978555000.0,445653000.0,1532902000.0,3130575000.0,-45167000.0,-269930000.0,-110684000.0,57290000.0,0.0,-15419000.0,-396928000.0,0.0,367180000.0,0.0,228450000.0,228450000.0,228450000.0,-11313000.0,0.0,0.107,297161000.0,419199000.0,84365000.0,0.0,6.921,13.704,13.369,392072000.0,0.0,15.575,1.464,1.444,434669000.0,554685000.0,2138898000.0,2138898000.0,0.0,0.107,0.564,0.236,0.193,40405000.0,179269000.0,1.0,201000000.0,198337860.0,205779562.0,10.784,1231695000.0,78581000.0,136183000.0,160751000.0,6.21,381221000.0
68,DVA,MRT,2004-06-30,2004-06-30,2004-06-30,2021-08-03,2187000.0,2136374000.0,2042530750.0,748433000.0,1387941000.0,1.007,2.363,-113334000.0,200701000.0,200701000.0,1373524000.0,206124000.0,1.947,3.534,1144115000.0,49868000.0,1094247000.0,1144115000.0,0.0,80518000.0,0.0,0.0,0.0,379386000.0,459904000.0,0.224,459904000.0,379386000.0,328622000.0,1.055,0.98,1.055,471208000.0,354898250.0,471208000.0,4063565000.0,11.0,8.836,237639000.0,1.192,1.0,683125000.0,0.332,1008634000.0,50764000.0,1686775000.0,1702747000.0,28337000.0,3791000.0,0.0,3791000.0,1665166000.0,384379000.0,1280787000.0,3061419000.0,-114905000.0,-76306000.0,-107162000.0,-207256000.0,0.0,-274114000.0,-191764000.0,0.0,350973000.0,0.0,206124000.0,206124000.0,206124000.0,-11313000.0,0.0,0.1,282254000.0,400871000.0,71805000.0,0.0,6.497,14.852,14.611,363164000.0,0.0,15.415,1.489,1.494,402046000.0,494299000.0,2056649000.0,2056649000.0,0.0,0.101,0.581,0.223,0.184,39529000.0,168589000.0,1.0,198600000.0,199372364.0,208020712.0,10.316,1127740000.0,76513000.0,122498000.0,148458000.0,5.656,364054000.0
69,DVA,MRT,2004-03-31,2004-03-31,2004-03-31,2021-08-03,-3493000.0,2050354000.0,2020785000.0,689495000.0,1360859000.0,0.987,1.992,-103245000.0,153156000.0,153156000.0,1334371000.0,192243000.0,1.807,4.246,1155302000.0,50025000.0,1105277000.0,1155302000.0,0.0,77512000.0,0.0,0.0,0.0,365942000.0,443454000.0,0.222,443454000.0,365942000.0,306941000.0,1.0,0.915,1.0,390826000.0,276764750.0,390826000.0,4230400855.0,12.0,9.54,235870000.0,1.202,1.0,660531000.0,0.331,998464000.0,59001000.0,1672499000.0,1747637000.0,26187000.0,3348000.0,0.0,3348000.0,1659528000.0,381537000.0,1277991000.0,3124498855.0,-151838000.0,-109024000.0,-110664000.0,-203611000.0,0.0,-277834000.0,-213119000.0,0.0,339115000.0,0.0,192243000.0,192243000.0,192243000.0,-11313000.0,0.0,0.096,275017000.0,385514000.0,80711000.0,0.0,7.995,16.253,15.917,349868000.0,0.0,15.917,1.566,1.565,400444000.0,441993000.0,1994902000.0,1994902000.0,0.0,0.095,0.695,0.209,0.183,33191000.0,165445000.0,1.0,196303593.0,196198952.0,205766906.0,10.168,1051890000.0,66530000.0,114698000.0,142520000.0,5.361,307958000.0
70,DVA,MRT,2003-12-31,2003-12-31,2003-12-31,2021-08-03,-924000.0,1945530000.0,2003115000.0,605058000.0,1340472000.0,0.958,1.626,-100272000.0,61657000.0,61657000.0,1287652000.0,175791000.0,1.668,5.34,1167559000.0,50557000.0,1117002000.0,1167559000.0,0.0,74687000.0,0.0,0.0,0.0,347785000.0,422472000.0,0.22,422472000.0,347785000.0,280964000.0,0.93,0.83,0.93,306871000.0,206947500.0,306871000.0,3535063000.0,10.0,8.368,193376000.0,1.025,1.0,631626000.0,0.329,984159000.0,66821000.0,1704453000.0,1798511000.0,32853000.0,3095000.0,0.0,3095000.0,1638659000.0,362820000.0,1275839000.0,2484300000.0,-34818000.0,-92914000.0,-107162000.0,-46191000.0,0.0,-134490000.0,-193976000.0,0.0,293648000.0,0.0,175791000.0,175791000.0,175791000.0,-11313000.0,0.0,0.092,265035000.0,366591000.0,71868000.0,0.0,8.096,14.132,13.978,342447000.0,0.0,13.0,1.294,1.278,387933000.0,389083000.0,1919278000.0,1919278000.0,0.0,0.088,0.849,0.193,0.181,20180000.0,159628000.0,1.0,191100000.0,188692000.0,227520000.0,10.171,961371000.0,59740000.0,105173000.0,133072000.0,5.095,242238000.0
71,DVA,MRT,2003-09-30,2003-09-30,2003-09-30,2021-08-03,0.0,2037865000.0,1960655750.0,740576000.0,1297289000.0,1.003,1.284,-99744000.0,272109000.0,272109000.0,1317652000.0,171804000.0,1.949,7.129,1322872000.0,50224000.0,1272648000.0,1322872000.0,0.0,71597000.0,0.0,0.0,0.0,361699000.0,433296000.0,0.22,433296000.0,361699000.0,287179000.0,0.902,0.788,0.902,250688000.0,147795750.0,250688000.0,3258090000.0,9.0,7.519,225646000.0,1.155,1.0,648416000.0,0.33,961296000.0,74520000.0,1747261000.0,1816873250.0,25743000.0,3064000.0,0.0,3064000.0,1787177000.0,380071000.0,1407106000.0,2116695000.0,156748000.0,-68362000.0,-153728000.0,113159000.0,0.0,204000.0,-168846000.0,0.0,325390000.0,0.0,171804000.0,171804000.0,171804000.0,0.0,0.0,0.087,266079000.0,382337000.0,71166000.0,0.0,8.444,12.32,11.763,321368000.0,0.0,10.61,1.077,1.054,356542000.0,326330000.0,1966068000.0,1966068000.0,0.0,0.088,1.162,0.199,0.184,14417000.0,160628000.0,1.0,199500000.0,195308894.0,229498086.0,10.066,1076569000.0,53065000.0,115375000.0,114324000.0,5.512,360505000.0
72,DVA,MRT,2003-06-30,2003-06-30,2003-06-30,2021-08-03,0.0,2049391000.0,1893183000.0,765867000.0,1283524000.0,1.022,0.863,-101098000.0,315606000.0,315606000.0,1278195000.0,187914000.0,2.118,11.916,1457001000.0,47314000.0,1409687000.0,1457001000.0,0.0,68528000.0,0.0,0.0,0.0,393215000.0,461743000.0,0.239,461743000.0,393215000.0,314839000.0,0.987,0.848,0.987,158674000.0,97301250.0,158674000.0,2795757000.0,7.0,6.055,258407000.0,1.405,1.0,655785000.0,0.339,962912000.0,78376000.0,1866335000.0,1810946750.0,30111000.0,3266000.0,0.0,3266000.0,1890717000.0,361539000.0,1529178000.0,1636258000.0,178586000.0,-58250000.0,-191316000.0,132299000.0,0.0,-22013000.0,-158906000.0,0.0,359505000.0,0.0,187914000.0,187914000.0,187914000.0,0.0,0.0,0.097,259041000.0,396744000.0,83821000.0,0.0,10.312,8.707,9.044,314374000.0,0.0,8.927,0.846,0.849,346209000.0,288270000.0,1933980000.0,1933980000.0,0.0,0.099,1.931,0.217,0.203,11607000.0,157756000.0,1.0,183300000.0,183917864.0,237566162.0,10.515,1086479000.0,47666000.0,126925000.0,98673000.0,5.907,404328000.0
73,DVA,MRT,2003-03-31,2003-03-31,2003-03-31,2021-08-03,0.0,1979674000.0,1826997750.0,742426000.0,1237248000.0,1.033,0.611,-108305000.0,304994000.0,304994000.0,1242761000.0,157764000.0,2.199,16.746,1464493000.0,43908000.0,1420585000.0,1464493000.0,0.0,66305000.0,0.0,0.0,0.0,341962000.0,408267000.0,0.216,408267000.0,341962000.0,265942000.0,0.81,0.697,0.81,111557000.0,85991250.0,111557000.0,2483939447.0,7.0,6.084,230855000.0,1.263,1.0,644013000.0,0.341,925529000.0,76020000.0,1875995000.0,1784632000.0,25465000.0,3368000.0,0.0,3368000.0,1868117000.0,337649000.0,1530468000.0,1261184447.0,273297000.0,-11354000.0,-587143000.0,623079000.0,0.0,54438000.0,-120301000.0,0.0,339160000.0,0.0,157764000.0,157764000.0,157764000.0,0.0,0.0,0.084,250971000.0,393042000.0,71295000.0,0.0,11.305,7.994,8.531,305742000.0,0.0,6.91,0.668,0.669,346145000.0,249750000.0,1886774000.0,1886774000.0,0.0,0.086,1.835,0.192,0.181,14659000.0,154807000.0,1.0,182515839.0,182715168.0,236317230.0,10.326,1054145000.0,41773000.0,108178000.0,98931000.0,5.769,404777000.0
74,DVA,MRT,2002-12-31,2002-12-31,2002-12-31,2021-08-03,0.0,1775693000.0,1748287250.0,544526000.0,1231167000.0,1.061,0.326,-102712000.0,96475000.0,96475000.0,1217685000.0,157329000.0,1.861,24.272,1319230000.0,7978000.0,1311252000.0,1319230000.0,0.0,64665000.0,0.0,0.0,0.0,338893000.0,403558000.0,0.218,403558000.0,338893000.0,267257000.0,0.73,0.65,0.73,70264000.0,182357000.0,70264000.0,2699187000.0,8.0,6.688,239283000.0,1.11,1.0,636947000.0,0.343,927945000.0,71636000.0,1777902000.0,1613960250.0,34929000.0,3227000.0,0.0,3227000.0,1705429000.0,292601000.0,1412828000.0,1492535000.0,59764000.0,-13447000.0,-642171000.0,457996000.0,0.0,-165730000.0,-116501000.0,0.0,341995000.0,0.0,157329000.0,157329000.0,157329000.0,0.0,0.0,0.085,245615000.0,391332000.0,77890000.0,0.0,21.242,9.487,11.265,298475000.0,0.0,8.223,0.805,0.955,344292000.0,213337000.0,1854632000.0,1854632000.0,0.0,0.09,0.863,0.21,0.183,22212000.0,154073000.0,1.0,181500000.0,215494000.0,271440000.0,8.606,847748000.0,40163000.0,109928000.0,75839000.0,3.934,251925000.0
75,DVA,MRT,2002-09-30,2002-09-30,2002-09-30,2021-08-03,0.0,1767974000.0,1720034750.0,558056000.0,1209918000.0,1.036,0.253,-88052000.0,115361000.0,115361000.0,1191505000.0,131076000.0,1.717,35.296,1322013000.0,8166000.0,1313847000.0,1322013000.0,0.0,73926000.0,0.0,0.0,0.0,293814000.0,367740000.0,0.206,367740000.0,293814000.0,225956000.0,0.583,0.527,0.583,48710000.0,290700250.0,48710000.0,2695472000.0,9.0,7.33,205512000.0,1.068,1.0,589688000.0,0.331,926060000.0,67858000.0,1723555000.0,1474146500.0,21931000.0,3266000.0,0.0,3266000.0,1719264000.0,325011000.0,1394253000.0,1508040000.0,70106000.0,-8158000.0,-582925000.0,460694000.0,0.0,-127106000.0,-96352000.0,0.0,293564000.0,0.0,131076000.0,131076000.0,131076000.0,0.0,0.0,0.074,243309000.0,346379000.0,77846000.0,0.0,30.96,11.505,13.493,278761000.0,0.0,7.867,0.847,0.85,339955000.0,154526000.0,1781193000.0,1781193000.0,0.0,0.076,0.451,0.199,0.165,22925000.0,146549000.0,1.0,191700000.0,192385467.0,,9.258,841914000.0,63741000.0,94880000.0,83383000.0,4.376,233045000.0
76,DVA,MRT,2002-06-30,2002-06-30,2002-06-30,2021-08-03,0.0,1784650000.0,1691314500.0,591312000.0,1193338000.0,1.025,0.474,-76341000.0,137020000.0,137020000.0,1160319000.0,121184000.0,2.037,14.733,1324452000.0,8299000.0,1316153000.0,1324452000.0,0.0,83940000.0,0.0,0.0,0.0,279874000.0,363814000.0,0.21,363814000.0,279874000.0,213664000.0,0.477,0.443,0.477,113434000.0,397931250.0,113434000.0,2769206107.0,10.0,7.612,195609000.0,0.817,1.0,573919000.0,0.331,920678000.0,66210000.0,1761076000.0,1336020000.0,31769000.0,3449000.0,0.0,3449000.0,1671216000.0,290328000.0,1380888000.0,2000599107.0,51762000.0,-10813000.0,-459456000.0,332875000.0,0.0,-133003000.0,-87185000.0,0.0,271950000.0,0.0,121184000.0,121184000.0,121184000.0,0.0,0.0,0.07,241997000.0,331922000.0,77374000.0,0.0,17.637,16.509,16.632,267335000.0,0.0,7.933,1.154,1.095,347064000.0,100356000.0,1734238000.0,1734238000.0,0.0,0.072,0.305,0.209,0.161,24127000.0,140651000.0,1.0,252176358.0,239354523.0,,7.245,863972000.0,61607000.0,92480000.0,48081000.0,3.61,300984000.0
77,DVA,MRT,2002-03-31,2002-03-31,2002-03-31,2021-08-03,0.0,1664832000.0,1666157750.0,475293000.0,1189539000.0,1.016,1.997,-60593000.0,31697000.0,31697000.0,1131312000.0,142359000.0,1.519,2.35,800304000.0,1597000.0,798707000.0,800304000.0,0.0,94866000.0,0.0,0.0,0.0,317697000.0,412563000.0,0.244,412563000.0,317697000.0,249911000.0,0.56,0.52,0.56,497020000.0,476467500.0,497020000.0,2867699170.0,9.0,6.951,229851000.0,0.923,1.0,560889000.0,0.331,927321000.0,67786000.0,1193308000.0,1223011750.0,28179000.0,4145000.0,0.0,4145000.0,1167812000.0,312810000.0,855002000.0,2084186170.0,14254000.0,-11528000.0,-56956000.0,-139302000.0,0.0,-204058000.0,-72132000.0,0.0,290444000.0,0.0,142359000.0,142359000.0,142359000.0,0.0,0.0,0.084,239446000.0,321443000.0,83559000.0,0.0,4.193,14.64,15.06,256046000.0,0.0,8.433,1.232,1.24,344238000.0,91986000.0,1692201000.0,1692201000.0,0.0,0.085,0.299,0.26,0.188,23398000.0,133434000.0,1.0,247136700.0,248901423.0,,6.799,737511000.0,58987000.0,107552000.0,45435000.0,2.963,162483000.0
78,DVA,MRT,2001-12-31,2001-12-31,2001-12-31,2021-08-03,0.0,1662683000.0,1656384000.0,474664000.0,1188019000.0,0.997,2.004,-51233000.0,36711000.0,36711000.0,1100652000.0,137315000.0,1.589,2.301,820224000.0,9034000.0,811190000.0,820224000.0,0.0,105209000.0,0.0,0.0,0.0,315005000.0,420214000.0,0.255,420214000.0,315005000.0,242567000.0,0.547,0.507,0.547,503637000.0,449267250.0,503637000.0,2843613364.0,9.0,6.767,213558000.0,0.85,1.0,550101000.0,0.333,928868000.0,72438000.0,1218647000.0,1254749750.0,34901000.0,4346000.0,0.0,4346000.0,1159046000.0,298681000.0,860365000.0,2068459364.0,5504000.0,-41722000.0,-800000.0,-156236000.0,0.0,-166321000.0,-92966000.0,0.0,264791000.0,0.0,137315000.0,137315000.0,137315000.0,0.0,0.0,0.083,232109000.0,317992000.0,74630000.0,0.0,4.107,15.064,14.899,252778000.0,0.0,8.15,1.253,1.241,333546000.0,56008000.0,1650753000.0,1650753000.0,0.0,0.083,0.306,0.251,0.191,17754000.0,129194000.0,1.0,253798695.0,251304000.0,310362000.0,6.569,733815000.0,60142000.0,105252000.0,38468000.0,2.92,175983000.0
79,DVA,MRT,2001-09-30,2001-09-30,2001-09-30,2021-08-03,0.0,1653093000.0,1639871250.0,456104000.0,1196989000.0,0.972,1.889,-39245000.0,45255000.0,45255000.0,1066178000.0,120090000.0,1.454,2.461,820409000.0,6432000.0,813977000.0,820409000.0,0.0,106343000.0,0.0,0.0,0.0,292060000.0,398403000.0,0.25,398403000.0,292060000.0,212682000.0,0.477,0.443,0.477,477634000.0,410700000.0,477634000.0,2580968637.0,9.0,6.478,313961000.0,1.241,1.0,527664000.0,0.331,943558000.0,79378000.0,1171049000.0,1292577250.0,33173000.0,5093000.0,0.0,5093000.0,1175459000.0,313640000.0,861819000.0,1715560637.0,6681000.0,-53085000.0,12447000.0,-263143000.0,0.0,-254004000.0,-92521000.0,0.0,353206000.0,0.0,120090000.0,120090000.0,120090000.0,0.0,0.0,0.075,233249000.0,294415000.0,80325000.0,0.0,3.592,14.286,14.221,246031000.0,0.0,6.783,1.076,1.076,318035000.0,23450000.0,1593842000.0,1593842000.0,0.0,0.073,0.292,0.226,0.183,14453000.0,125544000.0,1.0,252908202.0,252908202.0,,6.302,709535000.0,51789000.0,92592000.0,40994000.0,2.806,142464000.0
80,DVA,MRT,2001-06-30,2001-06-30,2001-06-30,2021-08-03,0.0,1684023000.0,1644418750.0,483341000.0,1200682000.0,0.926,1.716,-35020000.0,85258000.0,85258000.0,1037660000.0,85472000.0,1.641,2.939,950666000.0,15419000.0,935247000.0,950666000.0,0.0,106989000.0,0.0,0.0,0.0,242150000.0,349139000.0,0.229,349139000.0,242150000.0,154721000.0,0.343,0.327,0.343,427579000.0,373962250.0,427579000.0,2610586573.0,11.0,7.477,288633000.0,1.158,1.0,484478000.0,0.318,945821000.0,87429000.0,1309043000.0,1372306000.0,44604000.0,11206000.0,0.0,11206000.0,1256444000.0,294567000.0,961877000.0,1688424573.0,-105414000.0,-39710000.0,10196000.0,-359712000.0,0.0,-354366000.0,-74701000.0,0.0,323653000.0,0.0,85472000.0,85472000.0,85472000.0,0.0,0.0,0.056,237024000.0,247454000.0,79227000.0,0.0,3.949,19.754,19.757,241538000.0,0.0,6.777,1.109,1.109,297907000.0,-20828000.0,1522138000.0,1522138000.0,0.0,0.052,0.229,0.176,0.159,11898000.0,124314000.0,1.0,249152667.0,249152667.0,,6.109,738202000.0,42846000.0,69249000.0,1210000.0,2.963,188774000.0
81,DVA,MRT,2001-03-31,2001-03-31,2001-03-31,2021-08-03,0.0,1625737000.0,1687200250.0,418957000.0,1206780000.0,0.889,1.564,-31166000.0,17443000.0,17443000.0,1033829000.0,40572000.0,1.498,3.188,939605000.0,7580000.0,932025000.0,939605000.0,0.0,110035000.0,0.0,0.0,0.0,191726000.0,301761000.0,0.201,301761000.0,191726000.0,88530000.0,0.163,0.153,0.163,388219000.0,347080000.0,388219000.0,2349268605.0,12.0,7.785,265409000.0,1.069,1.0,466577000.0,0.311,947946000.0,103196000.0,1320260000.0,1467764500.0,45566000.0,12203000.0,0.0,12203000.0,1237518000.0,279693000.0,957825000.0,1404793605.0,-132934000.0,91114000.0,6421000.0,-498667000.0,0.0,-489115000.0,59606000.0,0.0,296575000.0,0.0,40572000.0,40572000.0,40572000.0,0.0,0.0,0.027,256712000.0,209865000.0,77345000.0,0.0,3.619,34.625,34.724,242797000.0,0.0,5.66,0.936,0.936,299424000.0,-50373000.0,1500406000.0,1500406000.0,0.0,0.024,0.117,0.131,0.128,6107000.0,123516000.0,1.0,248196750.0,248196750.0,,6.045,677791000.0,43894000.0,47958000.0,15503000.0,2.731,139264000.0
82,DVA,MRT,2000-12-31,2000-12-31,2000-12-31,2021-08-03,0.0,1596632000.0,1785762500.0,397875000.0,1198757000.0,0.832,1.427,-41088000.0,31207000.0,31207000.0,1032153000.0,13485000.0,1.595,3.57,975682000.0,1676000.0,974006000.0,975682000.0,0.0,111605000.0,0.0,0.0,0.0,158082000.0,269687000.0,0.181,269687000.0,158082000.0,41445000.0,0.057,0.053,0.057,349368000.0,332826750.0,349368000.0,2445112838.0,15.0,9.066,259996000.0,1.062,1.0,454149000.0,0.306,921623000.0,116637000.0,1369957000.0,1289501500.0,20641000.0,34194000.0,0.0,34194000.0,1247264000.0,249527000.0,997737000.0,1401144838.0,-76774000.0,134785000.0,2658000.0,-477036000.0,0.0,-471213000.0,93355000.0,0.0,301084000.0,0.0,13485000.0,13485000.0,13485000.0,0.0,0.0,0.009,279434000.0,174715000.0,74882000.0,0.0,4.011,103.904,100.175,236659000.0,0.0,5.71,0.943,0.94,290412000.0,-81307000.0,1486302000.0,1486302000.0,0.0,0.008,0.041,0.123,0.106,2908000.0,123624000.0,1.0,245384385.0,244743000.0,249471000.0,6.073,675009000.0,49624000.0,27960000.0,0.0,2.758,148348000.0
83,DVA,MRT,2000-09-30,2000-09-30,2000-09-30,2021-08-03,0.0,1671283000.0,1900784000.0,449162000.0,1222121000.0,0.782,1.35,-53176000.0,38574000.0,38574000.0,1038364000.0,-152512000.0,1.575,4.054,1082542000.0,48907000.0,1033635000.0,1082542000.0,0.0,114692000.0,0.0,0.0,0.0,-52754000.0,61938000.0,0.042,61938000.0,-52754000.0,-179177000.0,-0.623,-0.623,-0.623,330683000.0,327085750.0,330683000.0,1731244775.0,-33.0,27.951,199396000.0,0.814,1.0,448312000.0,0.302,940083000.0,126423000.0,1489964000.0,1106615250.0,37425000.0,32988000.0,0.0,32988000.0,1340600000.0,285204000.0,1055396000.0,612545775.0,-32167000.0,151861000.0,1057000.0,-366901000.0,0.0,-384389000.0,99650000.0,0.0,252572000.0,0.0,-152512000.0,-152512000.0,-152512000.0,0.0,0.0,-0.103,480110000.0,-31798000.0,69488000.0,0.0,1.852,-4.016,-4.013,241381000.0,0.0,2.5,0.412,0.412,302640000.0,-96640000.0,1486676000.0,1486676000.0,0.0,-0.08,-0.466,-0.048,-0.035,2145000.0,138123000.0,1.0,245018310.0,245018310.0,,6.068,731200000.0,58928000.0,-26665000.0,5320000.0,2.984,163958000.0
84,DVA,MRT,2000-06-30,2000-06-30,2000-06-30,2021-08-03,0.0,1855149000.0,2031240750.0,606309000.0,1248840000.0,0.734,1.31,-69509000.0,190672000.0,190672000.0,1040063000.0,-159913000.0,1.862,4.796,1309371000.0,121237000.0,1188134000.0,1309371000.0,0.0,116721000.0,0.0,0.0,0.0,-64679000.0,52042000.0,0.035,52042000.0,-64679000.0,-194916000.0,-0.653,-0.653,-0.653,320050000.0,363425250.0,320050000.0,1781021888.0,-28.0,34.223,174531000.0,0.714,1.0,451246000.0,0.303,957322000.0,130237000.0,1690877000.0,922475750.0,19865000.0,35814000.0,0.0,35814000.0,1535099000.0,325649000.0,1209450000.0,488730888.0,165999000.0,127953000.0,464000.0,-117837000.0,0.0,-134167000.0,56785000.0,0.0,244040000.0,-659000.0,-159913000.0,-159913000.0,-159913000.0,0.0,0.0,-0.107,497843000.0,-46597000.0,72888000.0,0.0,1.527,-3.056,-3.063,248033000.0,0.0,2.0,0.328,0.328,303355000.0,-106300000.0,1491309000.0,1491309000.0,0.0,-0.079,-0.44,-0.07,-0.043,2366000.0,140928000.0,1.0,244365444.0,244365444.0,,6.103,897827000.0,76124000.0,-35003000.0,0.0,3.674,280660000.0
85,DVA,MRT,2000-03-31,2000-03-31,2000-03-31,2021-08-03,-4718000.0,2019986000.0,2093069250.0,644501000.0,1375485000.0,0.7,1.359,-84696000.0,150377000.0,150377000.0,1022897000.0,-166617000.0,0.388,5.099,1442668000.0,1437641000.0,5027000.0,1442668000.0,0.0,113809000.0,0.0,0.0,0.0,-91455000.0,22354000.0,0.015,22354000.0,-91455000.0,-212115000.0,-0.68,-0.68,-0.68,331206000.0,401873000.0,331206000.0,1604203723.0,-18.0,71.764,106751000.0,0.438,1.0,442323000.0,0.302,1045457000.0,120660000.0,607208000.0,1044749500.0,24665000.0,37350000.0,0.0,37350000.0,1688780000.0,1659612000.0,29168000.0,254293723.0,110472000.0,-68180000.0,1109000.0,92631000.0,0.0,81467000.0,-158060000.0,0.0,191447000.0,-4382000.0,-166617000.0,-166617000.0,-166617000.0,0.0,0.0,-0.114,528116000.0,-85793000.0,99445000.0,0.0,0.768,-1.526,-1.534,284693000.0,0.0,1.043,0.174,0.174,366100000.0,-90945000.0,1465220000.0,1465220000.0,0.0,-0.08,-0.415,-0.088,-0.062,2804000.0,138868000.0,1.0,243732003.0,243732003.0,,6.012,974529000.0,71859000.0,-45498000.0,0.0,3.998,-1015111000.0
86,DVA,MRT,1999-12-31,1999-12-31,1999-12-31,2021-08-03,-4718000.0,2056718000.0,2098949500.0,654748000.0,1401970000.0,0.689,1.341,-106657000.0,107981000.0,107981000.0,993239000.0,-147256000.0,0.385,5.301,1457891000.0,1452195000.0,5696000.0,1457891000.0,0.0,112481000.0,0.0,0.0,0.0,-71029000.0,41452000.0,0.029,41452000.0,-71029000.0,-181826000.0,-0.603,-0.603,-0.603,326404000.0,443644250.0,326404000.0,1930280360.0,-27.0,46.567,64849000.0,0.266,1.0,452112000.0,0.313,1069672000.0,110797000.0,638412000.0,1408611500.0,32916000.0,35552000.0,0.0,35552000.0,1730314000.0,1698544000.0,31770000.0,543153360.0,66494000.0,-179606000.0,2234000.0,201517000.0,0.0,191153000.0,-291447000.0,0.0,171506000.0,-4718000.0,-147256000.0,-147256000.0,-147256000.0,0.0,0.0,-0.102,516094000.0,-63982000.0,121561000.0,0.0,1.664,-3.688,-3.698,285449000.0,0.0,2.23,0.376,0.376,390329000.0,-94792000.0,1445351000.0,1445351000.0,0.0,-0.07,-0.332,-0.05,-0.049,2280000.0,130555000.0,1.0,243566529.0,243456000.0,243456000.0,5.937,987046000.0,97993000.0,-34570000.0,0.0,4.054,-1043796000.0
87,DVA,MRT,1999-09-30,1999-09-30,1999-09-30,2021-08-03,-4718000.0,2193110000.0,2062674750.0,664811000.0,1528299000.0,0.684,1.955,-103557000.0,70741000.0,70741000.0,956749000.0,16659000.0,0.4,3.607,1457868000.0,1442644000.0,15224000.0,1457868000.0,0.0,106095000.0,0.0,0.0,0.0,144300000.0,250395000.0,0.177,250395000.0,144300000.0,32771000.0,0.07,0.067,0.07,476041000.0,480509250.0,476041000.0,2012033386.0,14.0,8.035,10235000.0,0.042,1.0,454452000.0,0.322,1165996000.0,111529000.0,753406000.0,1715461000.0,0.0,76482000.0,0.0,76482000.0,1717069000.0,1660835000.0,56234000.0,603996386.0,37892000.0,-264526000.0,5843000.0,293124000.0,0.0,269832000.0,-341014000.0,0.0,113792000.0,-4718000.0,16659000.0,16659000.0,16659000.0,0.0,0.0,0.012,316976000.0,137476000.0,0.0,0.0,1.269,36.256,35.429,285821000.0,0.0,2.48,0.428,0.428,457780000.0,55871000.0,1411201000.0,1411201000.0,0.0,0.008,0.035,0.084,0.102,17076000.0,108577000.0,1.0,243546930.0,243495000.0,244683000.0,5.796,1027114000.0,62240000.0,16112000.0,14403000.0,4.218,-996024000.0
88,DVA,MRT,1999-06-30,1999-06-30,1999-06-30,2021-08-03,-4059000.0,2102463000.0,1951686500.0,599485000.0,1502978000.0,0.698,1.946,-108777000.0,24673000.0,24673000.0,907089000.0,42458000.0,3.315,3.437,1432710000.0,23633000.0,1409077000.0,1432710000.0,0.0,101251000.0,0.0,0.0,0.0,175123000.0,276374000.0,0.203,276374000.0,175123000.0,73973000.0,0.177,0.167,0.177,473841000.0,474332500.0,473841000.0,2567326077.0,15.0,9.289,-26432000.0,-0.109,1.0,455529000.0,0.334,1149702000.0,101150000.0,2179972000.0,1959228750.0,0.0,79491000.0,0.0,79491000.0,1628622000.0,180826000.0,1447796000.0,1263042077.0,20289000.0,-301822000.0,6575000.0,365602000.0,0.0,344090000.0,-402087000.0,0.0,82345000.0,-4059000.0,42458000.0,42458000.0,42458000.0,0.0,0.0,0.031,286679000.0,168850000.0,0.0,0.0,2.666,29.748,29.303,273785000.0,0.0,5.187,0.927,0.927,444239000.0,53612000.0,1362618000.0,1362618000.0,0.0,0.022,0.09,0.089,0.129,16141000.0,94144000.0,1.0,243517110.0,243447000.0,243447000.0,5.597,952761000.0,61199000.0,31515000.0,14022000.0,3.914,418659000.0
89,DVA,MRT,1999-03-31,1999-03-31,1999-03-31,2021-08-03,-336000.0,2043507000.0,1825332000.0,581095000.0,1462412000.0,0.711,2.048,-108521000.0,39905000.0,39905000.0,840940000.0,71426000.0,3.253,3.101,1344189000.0,19435000.0,1324754000.0,1344189000.0,0.0,97207000.0,0.0,0.0,0.0,217174000.0,314381000.0,0.242,314381000.0,217174000.0,124385000.0,0.297,0.283,0.297,498291000.0,460691000.0,498291000.0,2097743723.0,10.0,6.673,-12831000.0,-0.053,1.0,457209000.0,0.352,1106519000.0,92789000.0,2062656000.0,1808444750.0,0.0,94704000.0,0.0,94704000.0,1545216000.0,178616000.0,1366600000.0,891602723.0,-26160000.0,-389618000.0,8708000.0,397079000.0,0.0,378067000.0,-499581000.0,0.0,95690000.0,-336000.0,71426000.0,71426000.0,71426000.0,0.0,0.0,0.055,226597000.0,230612000.0,0.0,0.0,1.789,12.483,12.346,261189000.0,0.0,3.667,0.687,0.687,441810000.0,75671000.0,1298149000.0,1298149000.0,0.0,0.039,0.155,0.12,0.167,15979000.0,82672000.0,1.0,243164379.0,243306000.0,259374000.0,5.335,936988000.0,41383000.0,52959000.0,15301000.0,3.851,402479000.0
90,DVA,MRT,1998-12-31,1998-12-31,1998-12-31,2021-08-03,0.0,1911619000.0,1682430250.0,566514000.0,1345105000.0,0.715,1.971,-82820000.0,41487000.0,41487000.0,779740000.0,-9448000.0,3.175,3.034,1247628000.0,21847000.0,1225781000.0,1247628000.0,0.0,90353000.0,0.0,0.0,0.0,113004000.0,203357000.0,0.169,203357000.0,113004000.0,29001000.0,-0.04,-0.04,-0.04,473864000.0,437659750.0,473864000.0,3510249074.0,31.0,17.262,-70902000.0,-0.295,1.0,423998000.0,0.352,1073500000.0,84003000.0,1865810000.0,1645327500.0,23470000.0,31360000.0,0.0,31360000.0,1437755000.0,178450000.0,1259305000.0,2392926074.0,34787000.0,-354949000.0,24157000.0,472295000.0,0.0,475193000.0,-452324000.0,0.0,11918000.0,0.0,-9448000.0,-9448000.0,-9448000.0,0.0,0.0,-0.008,289085000.0,134913000.0,45710000.0,0.0,5.05,-253.273,-246.333,233337000.0,0.0,9.853,1.988,1.968,416822000.0,52464000.0,1203738000.0,1203738000.0,0.0,-0.006,-0.022,0.069,0.094,33912000.0,75686000.0,1.0,242854473.0,240429000.0,245103000.0,5.007,838119000.0,39014000.0,38449000.0,14895000.0,3.486,388064000.0
91,DVA,MRT,1998-09-30,1998-09-30,1998-09-30,2021-08-03,0.0,1749157000.0,1524340750.0,487926000.0,1261231000.0,0.714,1.861,-85288000.0,32849000.0,32849000.0,707213000.0,-17066000.0,3.84,2.876,1150172000.0,9611000.0,1140561000.0,1150172000.0,0.0,81950000.0,0.0,0.0,0.0,82196000.0,164146000.0,0.151,164146000.0,82196000.0,19427000.0,-0.073,-0.083,-0.073,451334000.0,424805250.0,451334000.0,2990263208.0,36.0,18.217,-59952000.0,-0.247,1.0,380557000.0,0.35,1010934000.0,62769000.0,1728477000.0,1468836000.0,0.0,22193000.0,0.0,22193000.0,1297823000.0,127069000.0,1170754000.0,1940642208.0,8627000.0,-448220000.0,21423000.0,632529000.0,0.0,629285000.0,-645994000.0,-41202000.0,25336000.0,0.0,-17066000.0,-17066000.0,-17066000.0,0.0,0.0,-0.016,267228000.0,113329000.0,0.0,0.0,4.3,-113.714,-109.589,215411000.0,0.0,8.0,1.784,1.784,382383000.0,49550000.0,1087770000.0,1087770000.0,0.0,-0.011,-0.04,0.056,0.076,27284000.0,67691000.0,1.0,242580276.0,242574000.0,261156000.0,4.484,738223000.0,22215000.0,36493000.0,8532000.0,3.043,360857000.0
92,DVA,MRT,1998-06-30,1998-06-30,1998-06-30,2021-08-03,0.0,1597045000.0,,405661000.0,1191384000.0,,1.732,-71147000.0,1093000.0,1093000.0,638110000.0,-30492000.0,3.825,2.809,1050714000.0,5680000.0,1045034000.0,1050714000.0,0.0,72032000.0,0.0,0.0,0.0,49931000.0,121963000.0,0.126,121963000.0,49931000.0,-558000.0,-0.127,-0.133,-0.127,419275000.0,,419275000.0,3654734976.0,73.0,29.966,-75852000.0,-0.313,1.0,328824000.0,0.34,963784000.0,50489000.0,1576836000.0,,0.0,17241000.0,0.0,17241000.0,1177770000.0,106046000.0,1071724000.0,2782515976.0,-10784000.0,-480611000.0,21030000.0,652932000.0,0.0,650560000.0,-656639000.0,-41202000.0,-4705000.0,0.0,-30492000.0,-30492000.0,-30492000.0,0.0,0.0,-0.032,248689000.0,80135000.0,0.0,0.0,6.636,-91.254,-90.551,196183000.0,0.0,11.5,2.878,2.88,338352000.0,20441000.0,966934000.0,966934000.0,0.0,,,,0.052,27620000.0,62607000.0,1.0,241957911.0,242142000.0,247152000.0,3.993,633261000.0,0.0,29934000.0,6374000.0,2.615,299615000.0
93,DVA,MRT,1998-03-31,1998-03-31,1998-03-31,2021-08-03,0.0,1471900000.0,,441579000.0,1030321000.0,,3.056,-61541000.0,65508000.0,65508000.0,,,4.047,2.624,937727000.0,6157000.0,931570000.0,937727000.0,0.0,62058000.0,0.0,0.0,0.0,,,,,,,,,,406166000.0,,406166000.0,3033417223.0,,,-77003000.0,-0.579,1.0,,,824830000.0,,1410187000.0,,0.0,11175000.0,0.0,11175000.0,1065734000.0,109102000.0,956632000.0,2680233223.0,49444000.0,-442854000.0,19226000.0,666282000.0,0.0,661372000.0,-596466000.0,-41202000.0,-15462000.0,0.0,,,,,,,,,0.0,,6.599,,,182051000.0,,11.103,,,298710000.0,10806000.0,,,,,,,,26491000.0,,1.0,241389963.0,132912000.0,,,647070000.0,0.0,,5020000.0,4.868,332477000.0
94,DVA,MRT,1997-12-31,1997-12-31,1997-12-31,2021-08-03,0.0,1279261000.0,972241000.0,308248000.0,971013000.0,0.78,1.816,-61592000.0,6700000.0,6700000.0,514372000.0,45524000.0,3.009,2.028,759002000.0,27810000.0,731192000.0,759002000.0,0.0,53611000.0,0.0,0.0,0.0,110260000.0,163871000.0,0.216,163871000.0,110260000.0,81178000.0,0.197,0.19,0.197,422446000.0,390772500.0,422446000.0,,,,-30664000.0,-0.132,1.0,244031000.0,0.322,769269000.0,29082000.0,1159844000.0,836403000.0,15766000.0,14104000.0,0.0,14104000.0,856815000.0,102450000.0,754365000.0,2212741328.0,-14627000.0,-429325000.0,3827000.0,509511000.0,0.0,484301000.0,-529856000.0,0.0,30928000.0,0.0,45524000.0,45524000.0,45524000.0,0.0,0.0,0.06,132444000.0,111587000.0,33283000.0,0.0,5.238,48.606,46.531,172838000.0,0.0,9.167,2.918,2.811,248942000.0,61912000.0,758403000.0,758403000.0,0.0,0.047,0.116,0.132,0.145,8994000.0,49934000.0,1.0,241389963.0,232572000.0,239925000.0,3.261,509992000.0,15725000.0,35654000.0,2500000.0,2.193,205798000.0
95,DVA,MRT,1997-09-30,1997-09-30,1997-09-30,2021-08-03,,,,,,,,,,,,,,,,,,,,,,0.0,0.0,,,,,,,,,,,,,,,,,,1.0,,,,,,,,,,,,,,,,,,,,,,,,,,,,,,,,,,,,,,,,10.0,,,,,,,,,,,,,,1.0,,233256000.0,,,,,,,,
96,DVA,MRT,1997-06-30,1997-06-30,1997-06-30,2021-08-03,,,,,,,,,,,,,,,,,,,,,,0.0,0.0,,,,,,,,,,,,,,,,,,1.0,,,,,,,,,,,,,,,,,,,,,,,,,,,,,,,,,,,,,,,,8.038,,,,,,,,,,,,,,1.0,,,,,,,,,,
97,DVA,MRT,1997-03-31,1997-03-31,1997-03-31,2021-08-03,,,,,,,,,,,,,,,,,,,,,,0.0,0.0,,,,,,,,,,,,,,,,,,1.0,,,,,,,,,,,,,,,,,,,,,,,,,,,,,,,,,,,,,,,,6.074,,,,,,,,,,,,,,1.0,,,,,,,,,,
98,DVA,MRT,1996-12-31,1996-12-31,1996-12-31,2021-08-03,0.0,665221000.0,,252203000.0,413018000.0,,1.617,-50927000.0,21327000.0,21327000.0,345537000.0,24832000.0,3.751,0.852,247559000.0,14433000.0,233126000.0,247559000.0,0.0,32423000.0,0.0,0.0,0.0,60280000.0,92703000.0,0.187,92703000.0,60280000.0,46863000.0,0.11,0.107,0.11,359099000.0,,359099000.0,,,,-20415000.0,-0.092,1.0,151114000.0,0.304,311263000.0,13417000.0,512962000.0,,10433000.0,43121000.0,41202000.0,1919000.0,306122000.0,67228000.0,238894000.0,,-17085000.0,-179048000.0,131517000.0,95534000.0,-659000.0,224120000.0,-271717000.0,-41742000.0,30512000.0,0.0,24832000.0,24832000.0,24832000.0,0.0,0.0,0.05,83414000.0,67700000.0,23841000.0,0.0,,,65.909,97844000.0,0.0,7.25,,3.243,156554000.0,18263000.0,496651000.0,496651000.0,0.0,,,,0.121,2391000.0,32446000.0,1.0,,222126000.0,231675000.0,2.236,353958000.0,5383000.0,22031000.0,61000.0,1.594,184975000.0
99,DVA,MRT,1995-06-30,1995-05-31,1995-05-31,2021-08-03,,,,,,,,-10446000.0,,,146560000.0,14903000.0,,,,,,,,12343000.0,,,0.0,31381000.0,43724000.0,0.204,43724000.0,31381000.0,22730000.0,0.11,0.11,0.11,,,,,,,8859000.0,0.065,1.0,67865000.0,0.316,,8651000.0,,,,,,,,,,,0.0,-72799000.0,62159000.0,80219000.0,-1473000.0,66571000.0,-83156000.0,89000.0,19305000.0,0.0,14903000.0,14903000.0,14903000.0,0.0,0.0,0.07,35691000.0,32174000.0,,0.0,,,,,0.0,,,,,,214425000.0,214425000.0,0.0,,,,0.146,0.0,17856000.0,1.0,,135903000.0,142518000.0,1.578,,,7827000.0,,,
100,DVA,MRT,1994-06-30,1994-05-31,1994-05-31,2021-08-03,,,,,,,,-5618000.0,,,83370000.0,8537000.0,,,,,,,,7098000.0,,,0.0,17768000.0,24866000.0,0.204,24866000.0,17768000.0,13296000.0,0.067,0.067,0.067,,,,,,,4180000.0,0.033,1.0,38695000.0,0.317,,4472000.0,,,,,,,,,,,0.0,-29532000.0,11122000.0,81066000.0,-1023000.0,18441000.0,-22784000.0,12366000.0,9798000.0,0.0,8537000.0,8537000.0,8537000.0,0.0,0.0,0.07,20683000.0,18012000.0,,0.0,,,,,0.0,,,,,,122065000.0,122065000.0,0.0,,,,0.146,0.0,10099000.0,1.0,,128046000.0,134637000.0,0.953,,,4759000.0,,,
