None,ticker,dimension,calendardate,datekey,reportperiod,lastupdated,accoci,assets,assetsavg,assetsc,assetsnc,assetturnover,bvps,capex,cashneq,cashnequsd,cor,consolinc,currentratio,de,debt,debtc,debtnc,debtusd,deferredrev,depamor,deposits,divyield,dps,ebit,ebitda,ebitdamargin,ebitdausd,ebitusd,ebt,eps,epsdil,epsusd,equity,equityavg,equityusd,ev,evebit,evebitda,fcf,fcfps,fxusd,gp,grossmargin,intangibles,intexp,invcap,invcapavg,inventory,investments,investmentsc,investmentsnc,liabilities,liabilitiesc,liabilitiesnc,marketcap,ncf,ncfbus,ncfcommon,ncfdebt,ncfdiv,ncff,ncfi,ncfinv,ncfo,ncfx,netinc,netinccmn,netinccmnusd,netincdis,netincnci,netmargin,opex,opinc,payables,payoutratio,pb,pe,pe1,ppnenet,prefdivis,price,ps,ps1,receivables,retearn,revenue,revenueusd,rnd,roa,roe,roic,ros,sbcomp,sgna,sharefactor,sharesbas,shareswa,shareswadil,sps,tangibles,taxassets,taxexp,taxliabilities,tbvps,workingcapital
0,HCA,MRY,2020-12-31,2020-12-31,2020-12-31,2021-08-02,-502000000.0,47490000000.0,48159000000.0,12333000000.0,35157000000.0,1.07,1.691,-2835000000.0,1793000000.0,1793000000.0,32243000000.0,4387000000.0,1.417,77.969,32677000000.0,209000000.0,32468000000.0,32677000000.0,0.0,2721000000.0,0.0,0.005,0.77,6381000000.0,9102000000.0,0.177,9102000000.0,6381000000.0,4797000000.0,11.1,10.93,11.1,572000000.0,-1287500000.0,572000000.0,81660103162.0,13.0,8.972,6397000000.0,18.911,1.0,19290000000.0,0.374,8578000000.0,1584000000.0,61092000000.0,58930500000.0,2025000000.0,810000000.0,0.0,810000000.0,44598000000.0,8704000000.0,35894000000.0,55649103162.0,1172000000.0,-500000000.0,-441000000.0,-3252000000.0,-153000000.0,-4677000000.0,-3393000000.0,-20000000.0,9232000000.0,10000000.0,3754000000.0,3754000000.0,3754000000.0,0.0,633000000.0,0.073,12028000000.0,7262000000.0,3535000000.0,0.069,97.289,14.824,14.816,25223000000.0,0.0,164.46,1.08,1.08,7051000000.0,777000000.0,51533000000.0,51533000000.0,0.0,0.078,-2.916,0.108,0.124,362000000.0,0.0,1.0,338374700.0,338274000,343605000.0,152.341,38912000000.0,0.0,1043000000.0,1940000000.0,115.031,3629000000.0
1,HCA,MRY,2019-12-31,2019-12-31,2019-12-31,2021-08-02,-460000000.0,45058000000.0,44449500000.0,11196000000.0,33862000000.0,1.155,-8.23,-4158000000.0,621000000.0,621000000.0,32041000000.0,4145000000.0,1.443,-16.248,35221000000.0,145000000.0,35076000000.0,35221000000.0,0.0,2596000000.0,0.0,0.011,1.6,6428000000.0,9024000000.0,0.176,9024000000.0,6428000000.0,4604000000.0,10.27,10.07,10.27,-2808000000.0,-3657250000.0,-2808000000.0,85259944523.0,13.0,9.448,3444000000.0,10.093,1.0,19295000000.0,0.376,8269000000.0,1824000000.0,63632000000.0,62856000000.0,1849000000.0,564000000.0,0.0,564000000.0,45623000000.0,7757000000.0,37866000000.0,50133944523.0,119000000.0,-1621000000.0,-1031000000.0,494000000.0,-550000000.0,-1771000000.0,-5720000000.0,25000000.0,7602000000.0,8000000.0,3505000000.0,3505000000.0,3505000000.0,0.0,640000000.0,0.068,12077000000.0,7218000000.0,2905000000.0,0.156,-17.854,14.304,14.392,24549000000.0,0.0,147.81,0.977,0.982,7380000000.0,-2351000000.0,51336000000.0,51336000000.0,0.0,0.079,-0.958,0.102,0.125,347000000.0,0.0,1.0,339178300.0,341210000,348226000.0,150.453,36789000000.0,0.0,1099000000.0,1420000000.0,107.819,3439000000.0
2,HCA,MRY,2018-12-31,2018-12-31,2018-12-31,2021-08-02,-381000000.0,39207000000.0,38073000000.0,10213000000.0,28994000000.0,1.226,-14.253,-3573000000.0,502000000.0,502000000.0,29149000000.0,4389000000.0,1.349,-8.51,32821000000.0,788000000.0,32033000000.0,32821000000.0,0.0,2278000000.0,0.0,0.011,1.4,6488000000.0,8766000000.0,0.188,8766000000.0,6488000000.0,4733000000.0,10.9,10.66,10.9,-4950000000.0,-5697000000.0,-4950000000.0,75359774225.0,12.0,8.597,3188000000.0,9.179,1.0,17528000000.0,0.376,7953000000.0,1755000000.0,56004000000.0,55531000000.0,1732000000.0,594000000.0,0.0,594000000.0,42125000000.0,7569000000.0,34556000000.0,42830774225.0,-230000000.0,-445000000.0,-1530000000.0,-369000000.0,-487000000.0,-3075000000.0,-3901000000.0,57000000.0,6761000000.0,-15000000.0,3787000000.0,3787000000.0,3787000000.0,0.0,602000000.0,0.081,10886000000.0,6642000000.0,2577000000.0,0.128,-8.653,11.31,11.417,19757000000.0,0.0,124.45,0.918,0.926,6789000000.0,-4572000000.0,46677000000.0,46677000000.0,0.0,0.099,-0.665,0.117,0.139,268000000.0,0.0,1.0,344160500.0,347297000,355303000.0,134.401,31254000000.0,0.0,946000000.0,1248000000.0,89.992,2644000000.0
3,HCA,MRY,2017-12-31,2017-12-31,2017-12-31,2021-08-02,-278000000.0,36593000000.0,35171250000.0,9977000000.0,26616000000.0,1.24,-18.785,-3015000000.0,732000000.0,732000000.0,27375000000.0,2743000000.0,1.62,-6.11,33058000000.0,200000000.0,32858000000.0,33058000000.0,0.0,2131000000.0,0.0,0.0,0.0,5544000000.0,7675000000.0,0.176,7675000000.0,5544000000.0,3854000000.0,6.12,5.95,6.12,-6806000000.0,-6848750000.0,-6806000000.0,63334971600.0,11.0,8.252,2411000000.0,6.655,1.0,16239000000.0,0.372,7394000000.0,1690000000.0,55367000000.0,53921000000.0,1573000000.0,617000000.0,0.0,617000000.0,41588000000.0,6158000000.0,35430000000.0,31099971600.0,86000000.0,-1187000000.0,-2051000000.0,1483000000.0,0.0,-1061000000.0,-4279000000.0,-73000000.0,5426000000.0,0.0,2216000000.0,2216000000.0,2216000000.0,0.0,527000000.0,0.051,10182000000.0,6057000000.0,2606000000.0,0.0,-4.569,14.034,14.353,17895000000.0,0.0,87.84,0.713,0.73,6501000000.0,-6532000000.0,43614000000.0,43614000000.0,0.0,0.063,-0.324,0.103,0.127,270000000.0,0.0,1.0,354052500.0,362305000,372221000.0,120.379,29199000000.0,0.0,1638000000.0,1374000000.0,80.592,3819000000.0
4,HCA,MRY,2016-12-31,2016-12-31,2016-12-31,2021-08-02,-338000000.0,33758000000.0,33216500000.0,9086000000.0,24672000000.0,1.249,-19.036,-2760000000.0,646000000.0,646000000.0,25830000000.0,3432000000.0,1.557,-5.395,31376000000.0,216000000.0,31160000000.0,31376000000.0,0.0,1966000000.0,0.0,0.0,0.0,5975000000.0,7941000000.0,0.191,7941000000.0,5975000000.0,4268000000.0,7.53,7.3,7.53,-7302000000.0,-7682000000.0,-7302000000.0,58498235514.0,10.0,7.367,2893000000.0,7.542,1.0,15660000000.0,0.377,6704000000.0,1707000000.0,51950000000.0,51559500000.0,1503000000.0,542000000.0,0.0,542000000.0,39391000000.0,5834000000.0,33557000000.0,27734235514.0,-95000000.0,-550000000.0,-2751000000.0,775000000.0,0.0,-2508000000.0,-3240000000.0,64000000.0,5653000000.0,0.0,2890000000.0,2890000000.0,2890000000.0,0.0,542000000.0,0.07,9216000000.0,6444000000.0,2318000000.0,0.0,-3.798,9.597,9.83,16352000000.0,0.0,74.02,0.668,0.684,5826000000.0,-6968000000.0,41490000000.0,41490000000.0,0.0,0.087,-0.376,0.116,0.144,251000000.0,0.0,1.0,374685700.0,383591000,395851000.0,108.162,27054000000.0,0.0,1378000000.0,1249000000.0,70.528,3252000000.0
5,HCA,MRY,2015-12-31,2015-12-31,2015-12-31,2021-08-02,-265000000.0,32744000000.0,31909500000.0,9232000000.0,23512000000.0,1.243,-18.347,-2375000000.0,741000000.0,741000000.0,24753000000.0,2696000000.0,1.674,-5.105,30488000000.0,233000000.0,30255000000.0,30488000000.0,0.0,1904000000.0,0.0,0.0,0.0,5055000000.0,6959000000.0,0.175,6959000000.0,5055000000.0,3390000000.0,5.14,4.99,5.14,-7599000000.0,-7479750000.0,-7599000000.0,56734566551.0,11.0,8.153,2359000000.0,5.695,1.0,14925000000.0,0.376,6731000000.0,1665000000.0,50244000000.0,48247250000.0,1439000000.0,610000000.0,0.0,610000000.0,38790000000.0,5516000000.0,33274000000.0,27570566551.0,175000000.0,-278000000.0,-2397000000.0,728000000.0,0.0,-1976000000.0,-2583000000.0,63000000.0,4734000000.0,0.0,2129000000.0,2129000000.0,2129000000.0,0.0,567000000.0,0.054,9209000000.0,5716000000.0,2170000000.0,0.0,-3.628,12.95,13.158,15014000000.0,0.0,67.63,0.695,0.706,5889000000.0,-7338000000.0,39678000000.0,39678000000.0,0.0,0.067,-0.285,0.105,0.127,239000000.0,0.0,1.0,407667700.0,414193000,426721000.0,95.796,26013000000.0,0.0,1261000000.0,1904000000.0,62.804,3716000000.0
6,HCA,MRY,2014-12-31,2014-12-31,2014-12-31,2021-08-02,-323000000.0,30980000000.0,30109000000.0,8930000000.0,22050000000.0,1.226,-18.119,-2176000000.0,566000000.0,566000000.0,22903000000.0,2373000000.0,1.63,-4.748,29426000000.0,338000000.0,29088000000.0,29426000000.0,0.0,1820000000.0,0.0,0.0,0.0,4726000000.0,6546000000.0,0.177,6546000000.0,4726000000.0,2983000000.0,4.3,4.16,4.3,-7894000000.0,-7774000000.0,-7894000000.0,59774247282.0,13.0,9.131,2272000000.0,5.215,1.0,14015000000.0,0.38,6416000000.0,1743000000.0,47944000000.0,46655750000.0,1279000000.0,659000000.0,0.0,659000000.0,37478000000.0,5480000000.0,31998000000.0,31819247282.0,152000000.0,-715000000.0,-1750000000.0,705000000.0,0.0,-1378000000.0,-2918000000.0,-37000000.0,4448000000.0,0.0,1875000000.0,1875000000.0,1875000000.0,0.0,498000000.0,0.051,8653000000.0,5362000000.0,2035000000.0,0.0,-4.031,16.97,17.067,14355000000.0,0.0,73.39,0.862,0.866,5694000000.0,-7575000000.0,36918000000.0,36918000000.0,0.0,0.062,-0.241,0.101,0.128,163000000.0,0.0,1.0,433563800.0,435668000,450352000.0,84.739,24564000000.0,366000000.0,1108000000.0,1832000000.0,56.382,3450000000.0
7,HCA,MRY,2013-12-31,2013-12-31,2013-12-31,2021-08-02,-257000000.0,28831000000.0,28260000000.0,8037000000.0,20794000000.0,1.21,-18.582,-1943000000.0,414000000.0,414000000.0,21616000000.0,1996000000.0,1.411,-4.324,28376000000.0,786000000.0,27590000000.0,28376000000.0,0.0,1753000000.0,0.0,0.0,0.0,4354000000.0,6107000000.0,0.179,6107000000.0,4354000000.0,2506000000.0,3.5,3.37,3.5,-8270000000.0,-8698000000.0,-8270000000.0,49259350980.0,11.0,8.066,1737000000.0,3.903,1.0,12566000000.0,0.368,5903000000.0,1848000000.0,45195000000.0,44678000000.0,1179000000.0,569000000.0,0.0,569000000.0,35759000000.0,5695000000.0,30064000000.0,21366350980.0,-291000000.0,-448000000.0,-500000000.0,-697000000.0,0.0,-1625000000.0,-2346000000.0,36000000.0,3680000000.0,0.0,1556000000.0,1556000000.0,1556000000.0,0.0,440000000.0,0.046,7990000000.0,4576000000.0,1803000000.0,0.0,-2.584,13.732,13.631,13619000000.0,0.0,47.71,0.625,0.621,5208000000.0,-9403000000.0,34182000000.0,34182000000.0,0.0,0.055,-0.179,0.097,0.127,113000000.0,0.0,1.0,447838000.0,445066000,461913000.0,76.802,22928000000.0,489000000.0,950000000.0,1525000000.0,51.516,2342000000.0
8,HCA,MRY,2012-12-31,2012-12-31,2012-12-31,2021-08-02,-457000000.0,28075000000.0,27412000000.0,7763000000.0,20312000000.0,1.204,-21.946,-1862000000.0,705000000.0,705000000.0,20806000000.0,2006000000.0,1.258,-3.77,28930000000.0,1435000000.0,27495000000.0,28930000000.0,0.0,1679000000.0,0.0,0.215,6.5,4291000000.0,5970000000.0,0.181,5970000000.0,4291000000.0,2493000000.0,3.65,3.49,3.65,-9660000000.0,-8593750000.0,-9660000000.0,39780861912.0,9.0,6.663,2313000000.0,5.255,1.0,12207000000.0,0.37,5539000000.0,1798000000.0,44589000000.0,43341250000.0,1086000000.0,619000000.0,0.0,619000000.0,36416000000.0,6172000000.0,30244000000.0,13319861912.0,332000000.0,-228000000.0,0.0,1662000000.0,-3148000000.0,-1780000000.0,-2063000000.0,16000000.0,4175000000.0,0.0,1605000000.0,1605000000.0,1605000000.0,0.0,401000000.0,0.049,7902000000.0,4305000000.0,1768000000.0,1.781,-1.379,8.299,8.266,13185000000.0,0.0,30.17,0.403,0.402,4672000000.0,-10960000000.0,33013000000.0,33013000000.0,0.0,0.059,-0.187,0.099,0.13,56000000.0,0.0,1.0,441493600.0,440178000,459403000.0,74.999,22536000000.0,385000000.0,888000000.0,1776000000.0,51.197,1591000000.0
9,HCA,MRY,2011-12-31,2011-12-31,2011-12-31,2021-08-02,-440000000.0,26898000000.0,24585000000.0,7233000000.0,19665000000.0,1.207,-17.327,-1679000000.0,373000000.0,373000000.0,18619000000.0,2842000000.0,1.302,-4.107,27052000000.0,1407000000.0,25645000000.0,27052000000.0,0.0,1465000000.0,0.0,0.0,0.0,5221000000.0,6686000000.0,0.225,6686000000.0,5221000000.0,3184000000.0,5.17,4.97,5.17,-8258000000.0,-9015750000.0,-8258000000.0,35854357319.0,7.0,5.363,2254000000.0,4.729,1.0,11063000000.0,0.373,5251000000.0,2037000000.0,42772000000.0,42276000000.0,1054000000.0,649000000.0,0.0,649000000.0,33912000000.0,5554000000.0,28358000000.0,9617357319.0,-38000000.0,-1401000000.0,1003000000.0,-1681000000.0,-31000000.0,-976000000.0,-2995000000.0,80000000.0,3933000000.0,0.0,2465000000.0,2465000000.0,2465000000.0,0.0,377000000.0,0.083,7116000000.0,3947000000.0,1597000000.0,0.0,-1.165,3.902,4.261,12834000000.0,0.0,22.03,0.324,0.354,4533000000.0,-9423000000.0,29682000000.0,29682000000.0,0.0,0.1,-0.273,0.123,0.176,26000000.0,0.0,1.0,436557300.0,476609000,495943000.0,62.277,21647000000.0,594000000.0,719000000.0,1720000000.0,45.419,1679000000.0
10,HCA,MRY,2010-12-31,2010-12-31,2010-12-31,2021-08-02,-428000000.0,23852000000.0,23991500000.0,6919000000.0,16933000000.0,1.169,-27.967,-1325000000.0,411000000.0,411000000.0,17445000000.0,1573000000.0,1.621,-2.905,28225000000.0,592000000.0,27633000000.0,28225000000.0,0.0,1421000000.0,0.0,,0.0,3962000000.0,5383000000.0,0.192,5383000000.0,3962000000.0,1865000000.0,2.83,2.76,2.83,-11926000000.0,-10456000000.0,-11926000000.0,,,,1760000000.0,4.127,1.0,10590000000.0,0.378,2693000000.0,2097000000.0,44704000000.0,43651500000.0,897000000.0,1511000000.0,0.0,1511000000.0,34646000000.0,4269000000.0,30377000000.0,,99000000.0,-196000000.0,0.0,2483000000.0,-4257000000.0,-1947000000.0,-1039000000.0,472000000.0,3085000000.0,0.0,1207000000.0,1207000000.0,1207000000.0,0.0,366000000.0,0.043,6548000000.0,4042000000.0,1537000000.0,0.0,,,,11352000000.0,0.0,,,,3832000000.0,-11888000000.0,28035000000.0,28035000000.0,0.0,0.05,-0.115,0.091,0.141,32000000.0,0.0,1.0,515205100.0,426424000,437347000.0,65.744,21159000000.0,931000000.0,658000000.0,1608000000.0,49.62,2650000000.0
11,HCA,MRY,2009-12-31,2009-12-31,2009-12-31,2021-08-02,-450000000.0,24131000000.0,,6577000000.0,17554000000.0,,-21.115,-1317000000.0,312000000.0,312000000.0,16826000000.0,1375000000.0,1.525,-3.573,25670000000.0,846000000.0,24824000000.0,25670000000.0,0.0,1425000000.0,0.0,,0.0,3668000000.0,5093000000.0,0.19,5093000000.0,3668000000.0,1681000000.0,2.48,2.44,2.48,-8986000000.0,,-8986000000.0,,,,1430000000.0,3.36,1.0,9950000000.0,0.372,2577000000.0,1987000000.0,42599000000.0,,802000000.0,2019000000.0,0.0,2019000000.0,32109000000.0,4313000000.0,27796000000.0,,-153000000.0,-20000000.0,0.0,-1529000000.0,0.0,-1865000000.0,-1035000000.0,303000000.0,2747000000.0,0.0,1054000000.0,1054000000.0,1054000000.0,0.0,321000000.0,0.039,6192000000.0,3758000000.0,1460000000.0,0.0,,,,11427000000.0,0.0,,,,3692000000.0,-8763000000.0,26776000000.0,26776000000.0,0.0,,,,0.137,40000000.0,0.0,1.0,,425567000,432227000.0,62.918,21554000000.0,1192000000.0,627000000.0,1768000000.0,50.648,2264000000.0
12,HCA,MRY,2008-12-31,2008-12-31,2008-12-31,2021-08-02,,,,,,,,-1600000000.0,,,16060000000.0,902000000.0,,,,,,,,1416000000.0,,,0.0,2962000000.0,4378000000.0,0.154,4378000000.0,2962000000.0,941000000.0,1.59,1.56,1.59,,,,,,,390000000.0,0.92,1.0,12314000000.0,0.434,,2021000000.0,,,,,,,,,,,72000000.0,108000000.0,0.0,-260000000.0,0.0,-451000000.0,-1467000000.0,21000000.0,1990000000.0,0.0,673000000.0,673000000.0,673000000.0,0.0,229000000.0,0.024,9443000000.0,2871000000.0,,0.0,,,,,0.0,,,,,,28374000000.0,28374000000.0,0.0,,,,0.104,32000000.0,0.0,1.0,,423699000,430982000.0,66.967,,,268000000.0,,,
0,HCA,MRQ,2021-06-30,2021-06-30,2021-06-30,2021-08-02,-475000000.0,48164000000.0,,12475000000.0,35689000000.0,,-1.807,-842000000.0,1120000000.0,1120000000.0,8765000000.0,1664000000.0,1.448,-78.202,34339000000.0,253000000.0,34086000000.0,34339000000.0,0.0,712000000.0,0.0,0.006,0.48,2289000000.0,3001000000.0,0.208,3001000000.0,2289000000.0,1903000000.0,4.42,4.36,4.42,-593000000.0,,-593000000.0,100131718070.0,13.0,9.355,1409000000.0,4.293,1.0,5670000000.0,0.393,8680000000.0,386000000.0,64088000000.0,,2027000000.0,792000000.0,0.0,792000000.0,46374000000.0,8615000000.0,37759000000.0,68359718070.0,90000000.0,-66000000.0,-2287000000.0,1341000000.0,-156000000.0,-1242000000.0,-920000000.0,-10000000.0,2251000000.0,1000000.0,1450000000.0,1450000000.0,1450000000.0,0.0,214000000.0,0.1,3185000000.0,2485000000.0,3531000000.0,0.109,-115.278,13.763,13.959,25589000000.0,0.0,206.74,1.22,1.211,7636000000.0,-121000000.0,14435000000.0,14435000000.0,0.0,,,,,129000000.0,0.0,1.0,330655500.0,328171000,332613000.0,43.986,39484000000.0,0.0,453000000.0,2088000000.0,120.315,3860000000.0
1,HCA,MRQ,2021-03-31,2021-03-31,2021-03-31,2021-08-02,-491000000.0,47277000000.0,,12036000000.0,35241000000.0,,0.731,-654000000.0,1030000000.0,1030000000.0,8525000000.0,1580000000.0,1.393,181.356,32802000000.0,234000000.0,32568000000.0,32802000000.0,0.0,697000000.0,0.0,0.004,0.48,2200000000.0,2897000000.0,0.207,2897000000.0,2200000000.0,1816000000.0,4.21,4.14,4.21,247000000.0,,247000000.0,94904061950.0,13.0,9.301,1334000000.0,3.945,1.0,5452000000.0,0.39,8575000000.0,384000000.0,61832000000.0,,2068000000.0,820000000.0,0.0,820000000.0,44795000000.0,8642000000.0,36153000000.0,64020061950.0,-763000000.0,-2000000.0,-1527000000.0,33000000.0,-169000000.0,-2104000000.0,-649000000.0,-2000000.0,1988000000.0,2000000.0,1423000000.0,1423000000.0,1423000000.0,0.0,157000000.0,0.102,3118000000.0,2334000000.0,3524000000.0,0.114,259.191,13.93,13.859,25271000000.0,0.0,188.34,1.216,1.21,7424000000.0,735000000.0,13977000000.0,13977000000.0,0.0,,,,,97000000.0,0.0,1.0,339917500.0,338123000,343321000.0,41.337,38702000000.0,0.0,393000000.0,2032000000.0,114.461,3394000000.0
2,HCA,MRQ,2020-12-31,2020-12-31,2020-12-31,2021-08-02,-502000000.0,47490000000.0,,12333000000.0,35157000000.0,,1.688,-748000000.0,1793000000.0,1793000000.0,8699000000.0,1694000000.0,1.417,77.969,32677000000.0,209000000.0,32468000000.0,32677000000.0,0.0,662000000.0,0.0,0.005,0.34,2187000000.0,2849000000.0,0.199,2849000000.0,2187000000.0,1804000000.0,4.21,4.14,4.21,572000000.0,,572000000.0,81660103162.0,13.0,8.972,-4331000000.0,-12.779,1.0,5594000000.0,0.391,8578000000.0,383000000.0,61092000000.0,,2025000000.0,810000000.0,0.0,810000000.0,44598000000.0,8704000000.0,35894000000.0,55649103162.0,-4795000000.0,-188000000.0,0.0,-34000000.0,0.0,-316000000.0,-910000000.0,20000000.0,-3583000000.0,14000000.0,1426000000.0,1426000000.0,1426000000.0,0.0,268000000.0,0.1,3144000000.0,2450000000.0,3535000000.0,0.081,97.289,14.824,14.816,25223000000.0,0.0,164.46,1.08,1.08,7051000000.0,777000000.0,14293000000.0,14293000000.0,0.0,,,,,133000000.0,0.0,1.0,338374700.0,338925000,345378000.0,42.172,38912000000.0,0.0,378000000.0,1940000000.0,114.81,3629000000.0
3,HCA,MRQ,2020-09-30,2020-09-30,2020-09-30,2021-08-02,-515000000.0,51016000000.0,,16266000000.0,34750000000.0,,-2.88,-489000000.0,6588000000.0,6588000000.0,8225000000.0,779000000.0,1.131,-51.044,32599000000.0,172000000.0,32427000000.0,32599000000.0,0.0,694000000.0,0.0,0.007,0.0,1262000000.0,1956000000.0,0.147,1956000000.0,1262000000.0,877000000.0,1.97,1.95,1.97,-974000000.0,,-974000000.0,69980991844.0,12.0,7.961,2228000000.0,6.588,1.0,5086000000.0,0.382,8570000000.0,385000000.0,54078000000.0,,1950000000.0,725000000.0,0.0,725000000.0,49717000000.0,14379000000.0,35338000000.0,42145991844.0,1950000000.0,-5000000.0,0.0,-39000000.0,0.0,-245000000.0,-530000000.0,-29000000.0,2717000000.0,8000000.0,668000000.0,668000000.0,668000000.0,0.0,111000000.0,0.05,3767000000.0,1319000000.0,3270000000.0,0.0,-43.271,12.4,12.418,24913000000.0,0.0,124.68,0.83,0.831,6433000000.0,-647000000.0,13311000000.0,13311000000.0,0.0,,,,,81000000.0,0.0,1.0,338033300.0,338168000,343346000.0,39.362,42446000000.0,0.0,209000000.0,1477000000.0,125.517,1887000000.0
4,HCA,MRQ,2020-06-30,2020-06-30,2020-06-30,2021-08-02,-562000000.0,48709000000.0,,14031000000.0,34678000000.0,,-5.288,-745000000.0,4638000000.0,4638000000.0,7078000000.0,1216000000.0,1.091,-26.955,32473000000.0,163000000.0,32310000000.0,32473000000.0,4999000000.0,691000000.0,0.0,0.013,0.0,1811000000.0,2502000000.0,0.226,2502000000.0,1811000000.0,1423000000.0,3.2,3.16,3.2,-1786000000.0,,-1786000000.0,68396290434.0,11.0,7.811,7978000000.0,23.62,1.0,3990000000.0,0.36,8578000000.0,388000000.0,55110000000.0,,1834000000.0,639000000.0,0.0,639000000.0,48141000000.0,12856000000.0,35285000000.0,32769290434.0,3907000000.0,-14000000.0,0.0,-3958000000.0,-1000000.0,-4007000000.0,-808000000.0,-10000000.0,8723000000.0,-1000000.0,1079000000.0,1079000000.0,1079000000.0,0.0,137000000.0,0.097,2016000000.0,1974000000.0,2882000000.0,0.0,-18.348,9.802,9.834,24934000000.0,0.0,97.06,0.653,0.654,6139000000.0,-1315000000.0,11068000000.0,11068000000.0,0.0,,,,,66000000.0,0.0,1.0,337618900.0,337760000,341599000.0,32.769,40131000000.0,0.0,344000000.0,1490000000.0,118.815,1175000000.0
5,HCA,MRQ,2020-03-31,2020-03-31,2020-03-31,2021-08-02,-571000000.0,45421000000.0,,11016000000.0,34405000000.0,,-8.757,-853000000.0,731000000.0,731000000.0,8241000000.0,698000000.0,1.569,-15.572,36358000000.0,162000000.0,36196000000.0,36358000000.0,0.0,674000000.0,0.0,0.018,0.43,1121000000.0,1795000000.0,0.14,1795000000.0,1121000000.0,693000000.0,1.72,1.69,1.72,-2962000000.0,,-2962000000.0,65007692905.0,11.0,7.72,522000000.0,1.543,1.0,4620000000.0,0.359,8587000000.0,428000000.0,65442000000.0,,1953000000.0,563000000.0,0.0,563000000.0,46124000000.0,7019000000.0,39105000000.0,30407692905.0,110000000.0,-293000000.0,-441000000.0,779000000.0,-152000000.0,-109000000.0,-1145000000.0,-1000000.0,1375000000.0,-11000000.0,581000000.0,581000000.0,581000000.0,0.0,117000000.0,0.045,3101000000.0,1519000000.0,2750000000.0,0.25,-10.266,9.98,10.028,24813000000.0,0.0,89.85,0.588,0.588,6890000000.0,-2394000000.0,12861000000.0,12861000000.0,0.0,,,,,82000000.0,0.0,1.0,338427300.0,338242000,344096000.0,38.023,36834000000.0,0.0,112000000.0,1477000000.0,108.898,3997000000.0
6,HCA,MRQ,2019-12-31,2019-12-31,2019-12-31,2021-08-02,-460000000.0,45058000000.0,,11196000000.0,33862000000.0,,-8.282,-1274000000.0,621000000.0,621000000.0,8337000000.0,1273000000.0,1.443,-16.248,35221000000.0,145000000.0,35076000000.0,35221000000.0,0.0,694000000.0,0.0,0.011,0.4,1843000000.0,2537000000.0,0.188,2537000000.0,1843000000.0,1405000000.0,3.15,3.09,3.15,-2808000000.0,,-2808000000.0,85259944523.0,13.0,9.448,1231000000.0,3.631,1.0,5186000000.0,0.383,8269000000.0,438000000.0,63632000000.0,,1849000000.0,564000000.0,0.0,564000000.0,45623000000.0,7757000000.0,37866000000.0,50133944523.0,62000000.0,-78000000.0,-272000000.0,-567000000.0,-136000000.0,-1110000000.0,-1345000000.0,-10000000.0,2505000000.0,12000000.0,1071000000.0,1071000000.0,1071000000.0,0.0,202000000.0,0.079,3162000000.0,2024000000.0,2905000000.0,0.127,-17.854,14.304,14.392,24549000000.0,0.0,147.81,0.977,0.982,7380000000.0,-2351000000.0,13523000000.0,13523000000.0,0.0,,,,,84000000.0,0.0,1.0,339178300.0,339044000,346768000.0,39.886,36789000000.0,0.0,334000000.0,1420000000.0,108.508,3439000000.0
7,HCA,MRQ,2019-09-30,2019-09-30,2019-09-30,2021-08-02,-461000000.0,43912000000.0,,10769000000.0,33143000000.0,,-10.461,-1139000000.0,559000000.0,559000000.0,8061000000.0,764000000.0,1.512,-12.723,35685000000.0,148000000.0,35537000000.0,35685000000.0,0.0,647000000.0,0.0,0.013,0.4,1275000000.0,1922000000.0,0.151,1922000000.0,1275000000.0,827000000.0,1.8,1.76,1.8,-3565000000.0,,-3565000000.0,76284148776.0,12.0,8.647,987000000.0,2.896,1.0,4633000000.0,0.365,8160000000.0,448000000.0,63754000000.0,,1769000000.0,600000000.0,0.0,600000000.0,45359000000.0,7124000000.0,38235000000.0,41061148776.0,-1871000000.0,-80000000.0,-239000000.0,-2189000000.0,-136000000.0,-2731000000.0,-1262000000.0,-24000000.0,2126000000.0,-4000000.0,612000000.0,612000000.0,612000000.0,0.0,152000000.0,0.048,2999000000.0,1634000000.0,2610000000.0,0.222,-11.518,11.738,11.806,23772000000.0,0.0,120.42,0.82,0.819,7131000000.0,-3107000000.0,12694000000.0,12694000000.0,0.0,,,,,105000000.0,0.0,1.0,340982800.0,340789000,347487000.0,37.249,35752000000.0,0.0,215000000.0,1349000000.0,104.909,3645000000.0
8,HCA,MRQ,2019-06-30,2019-06-30,2019-06-30,2021-08-02,-431000000.0,45449000000.0,,12869000000.0,32580000000.0,,-11.404,-964000000.0,2430000000.0,2430000000.0,7955000000.0,927000000.0,1.436,-12.101,37653000000.0,2073000000.0,35580000000.0,37653000000.0,0.0,636000000.0,0.0,0.011,0.4,1531000000.0,2167000000.0,0.172,2167000000.0,1531000000.0,1054000000.0,2.29,2.25,2.29,-3902000000.0,,-3902000000.0,82047691258.0,13.0,9.265,1033000000.0,3.019,1.0,4647000000.0,0.369,8140000000.0,477000000.0,63571000000.0,,1826000000.0,589000000.0,0.0,589000000.0,47219000000.0,8961000000.0,38258000000.0,46269691258.0,1899000000.0,-19000000.0,-242000000.0,1361000000.0,-137000000.0,854000000.0,-948000000.0,23000000.0,1997000000.0,-4000000.0,783000000.0,783000000.0,783000000.0,0.0,144000000.0,0.062,2998000000.0,1649000000.0,2609000000.0,0.175,-11.858,12.694,12.752,23254000000.0,0.0,135.17,0.947,0.947,7219000000.0,-3474000000.0,12602000000.0,12602000000.0,0.0,,,,,96000000.0,0.0,1.0,342307400.0,342170000,348373000.0,36.83,37309000000.0,0.0,271000000.0,1324000000.0,109.036,3908000000.0
9,HCA,MRQ,2019-03-31,2019-03-31,2019-03-31,2021-08-02,-374000000.0,43379000000.0,,11108000000.0,32271000000.0,,-12.698,-781000000.0,531000000.0,531000000.0,7688000000.0,1181000000.0,1.055,-10.481,36309000000.0,3796000000.0,32513000000.0,36309000000.0,0.0,619000000.0,0.0,0.011,0.4,1779000000.0,2398000000.0,0.192,2398000000.0,1779000000.0,1318000000.0,3.03,2.97,3.03,-4354000000.0,,-4354000000.0,76958074146.0,12.0,8.766,193000000.0,0.563,1.0,4829000000.0,0.386,8159000000.0,461000000.0,60467000000.0,,1778000000.0,584000000.0,0.0,584000000.0,45634000000.0,10531000000.0,35103000000.0,44639074146.0,29000000.0,-1444000000.0,-278000000.0,1889000000.0,-141000000.0,1216000000.0,-2165000000.0,36000000.0,974000000.0,4000000.0,1039000000.0,1039000000.0,1039000000.0,0.0,142000000.0,0.083,2918000000.0,1911000000.0,2693000000.0,0.132,-10.252,12.124,12.231,22940000000.0,0.0,130.38,0.934,0.936,7420000000.0,-3983000000.0,12517000000.0,12517000000.0,0.0,,,,,62000000.0,0.0,1.0,342376700.0,342876000,350316000.0,36.506,35220000000.0,0.0,279000000.0,1277000000.0,102.719,577000000.0
10,HCA,MRQ,2018-12-31,2018-12-31,2018-12-31,2021-08-02,-381000000.0,39207000000.0,,10213000000.0,28994000000.0,,-14.391,-1153000000.0,502000000.0,502000000.0,7487000000.0,1245000000.0,1.349,-8.51,32821000000.0,788000000.0,32033000000.0,32821000000.0,0.0,581000000.0,0.0,0.011,0.35,1754000000.0,2335000000.0,0.19,2335000000.0,1754000000.0,1308000000.0,3.08,3.01,3.08,-4950000000.0,,-4950000000.0,75359774225.0,12.0,8.597,1022000000.0,2.971,1.0,4787000000.0,0.39,7953000000.0,446000000.0,56004000000.0,,1732000000.0,594000000.0,0.0,594000000.0,42125000000.0,7569000000.0,34556000000.0,42830774225.0,-76000000.0,-191000000.0,-335000000.0,-363000000.0,-121000000.0,-961000000.0,-1286000000.0,-8000000.0,2175000000.0,-4000000.0,1064000000.0,1064000000.0,1064000000.0,0.0,181000000.0,0.087,2864000000.0,1923000000.0,2577000000.0,0.114,-8.653,11.31,11.417,19757000000.0,0.0,124.45,0.918,0.926,6789000000.0,-4572000000.0,12274000000.0,12274000000.0,0.0,,,,,64000000.0,0.0,1.0,344160500.0,343955000,352840000.0,35.685,31254000000.0,0.0,244000000.0,1248000000.0,90.867,2644000000.0
11,HCA,MRQ,2018-09-30,2018-09-30,2018-09-30,2021-08-02,-266000000.0,38044000000.0,,10010000000.0,28034000000.0,,-16.208,-846000000.0,578000000.0,578000000.0,7267000000.0,896000000.0,1.606,-7.453,33107000000.0,191000000.0,32916000000.0,33107000000.0,0.0,582000000.0,0.0,0.008,0.35,1374000000.0,1956000000.0,0.171,1956000000.0,1374000000.0,932000000.0,2.2,2.15,2.2,-5605000000.0,,-5605000000.0,80465919520.0,13.0,9.33,875000000.0,2.53,1.0,4184000000.0,0.365,7759000000.0,442000000.0,56583000000.0,,1634000000.0,605000000.0,0.0,605000000.0,41774000000.0,6231000000.0,35543000000.0,48141919520.0,-290000000.0,-515000000.0,-302000000.0,-113000000.0,-121000000.0,-706000000.0,-1300000000.0,42000000.0,1721000000.0,-5000000.0,759000000.0,759000000.0,759000000.0,0.0,137000000.0,0.066,2679000000.0,1505000000.0,2414000000.0,0.159,-8.589,15.058,15.188,19041000000.0,0.0,139.12,1.047,1.047,6532000000.0,-5342000000.0,11451000000.0,11451000000.0,0.0,,,,,70000000.0,0.0,1.0,346046000.0,345823000,353639000.0,33.112,30285000000.0,0.0,173000000.0,1388000000.0,87.574,3779000000.0
12,HCA,MRQ,2018-06-30,2018-06-30,2018-06-30,2021-08-02,-261000000.0,37742000000.0,,10394000000.0,27348000000.0,,-17.179,-880000000.0,868000000.0,868000000.0,7191000000.0,966000000.0,1.363,-6.991,33192000000.0,1692000000.0,31500000000.0,33192000000.0,0.0,562000000.0,0.0,0.007,0.35,1528000000.0,2090000000.0,0.181,2090000000.0,1528000000.0,1092000000.0,2.35,2.31,2.35,-5989000000.0,,-5989000000.0,68043097920.0,11.0,8.19,702000000.0,2.014,1.0,4338000000.0,0.376,7459000000.0,436000000.0,54982000000.0,,1636000000.0,648000000.0,0.0,648000000.0,41867000000.0,7625000000.0,34242000000.0,35838097920.0,-218000000.0,-127000000.0,-470000000.0,-111000000.0,-122000000.0,-797000000.0,-980000000.0,12000000.0,1582000000.0,-23000000.0,820000000.0,820000000.0,820000000.0,0.0,146000000.0,0.071,2680000000.0,1658000000.0,2457000000.0,0.149,-5.984,12.513,12.604,18544000000.0,0.0,102.6,0.793,0.791,6592000000.0,-5731000000.0,11529000000.0,11529000000.0,0.0,,,,,74000000.0,0.0,1.0,349299200.0,348615000,355039000.0,33.071,30283000000.0,0.0,272000000.0,1459000000.0,86.867,2769000000.0
13,HCA,MRQ,2018-03-31,2018-03-31,2018-03-31,2021-08-02,-197000000.0,37299000000.0,,10391000000.0,26908000000.0,,-17.797,-694000000.0,1086000000.0,1086000000.0,7204000000.0,1282000000.0,1.39,-6.684,33291000000.0,1697000000.0,31594000000.0,33291000000.0,0.0,553000000.0,0.0,0.004,0.35,1832000000.0,2385000000.0,0.209,2385000000.0,1832000000.0,1401000000.0,3.26,3.18,3.26,-6244000000.0,,-6244000000.0,66266658900.0,11.0,8.109,589000000.0,1.679,1.0,4219000000.0,0.369,7471000000.0,431000000.0,54555000000.0,,1677000000.0,648000000.0,0.0,648000000.0,41733000000.0,7478000000.0,34255000000.0,33940658900.0,354000000.0,388000000.0,-423000000.0,218000000.0,-123000000.0,-611000000.0,-335000000.0,11000000.0,1283000000.0,17000000.0,1144000000.0,1144000000.0,1144000000.0,0.0,138000000.0,0.1,2663000000.0,1556000000.0,2538000000.0,0.107,-5.436,12.566,12.797,18124000000.0,0.0,97.0,0.764,0.766,6332000000.0,-6051000000.0,11423000000.0,11423000000.0,0.0,,,,,60000000.0,0.0,1.0,349903700.0,350850000,359749000.0,32.558,29828000000.0,0.0,257000000.0,1417000000.0,85.016,2913000000.0
14,HCA,MRQ,2017-12-31,2017-12-31,2017-12-31,2021-08-02,-278000000.0,36593000000.0,,9977000000.0,26616000000.0,,-19.279,-982000000.0,732000000.0,732000000.0,7128000000.0,641000000.0,1.62,-6.11,33058000000.0,200000000.0,32858000000.0,33058000000.0,0.0,550000000.0,0.0,0.0,0.0,1643000000.0,2193000000.0,0.19,2193000000.0,1643000000.0,1210000000.0,1.35,1.31,1.35,-6806000000.0,,-6806000000.0,63334971600.0,11.0,8.252,752000000.0,2.13,1.0,4434000000.0,0.383,7394000000.0,433000000.0,55367000000.0,,1573000000.0,617000000.0,0.0,617000000.0,41588000000.0,6158000000.0,35430000000.0,31099971600.0,14000000.0,-69000000.0,-576000000.0,56000000.0,0.0,-613000000.0,-1107000000.0,-58000000.0,1734000000.0,0.0,474000000.0,474000000.0,474000000.0,0.0,167000000.0,0.041,2631000000.0,1803000000.0,2606000000.0,0.0,-4.569,14.034,14.353,17895000000.0,0.0,87.84,0.713,0.73,6501000000.0,-6532000000.0,11562000000.0,11562000000.0,0.0,,,,,75000000.0,0.0,1.0,354052500.0,353026000,363845000.0,32.751,29199000000.0,0.0,736000000.0,1374000000.0,82.711,3819000000.0
15,HCA,MRQ,2017-09-30,2017-09-30,2017-09-30,2021-08-02,-268000000.0,35731000000.0,,9448000000.0,26283000000.0,,-18.824,-729000000.0,718000000.0,718000000.0,6858000000.0,530000000.0,1.684,-6.017,32953000000.0,202000000.0,32751000000.0,32953000000.0,0.0,539000000.0,0.0,0.0,0.0,1101000000.0,1640000000.0,0.153,1640000000.0,1101000000.0,674000000.0,1.18,1.15,1.18,-6780000000.0,,-6780000000.0,59707863623.0,10.0,7.638,279000000.0,0.775,1.0,3838000000.0,0.359,7357000000.0,427000000.0,54998000000.0,,1546000000.0,569000000.0,0.0,569000000.0,40797000000.0,5611000000.0,35186000000.0,28751863623.0,13000000.0,-837000000.0,-509000000.0,1205000000.0,0.0,586000000.0,-1581000000.0,-4000000.0,1008000000.0,0.0,426000000.0,426000000.0,426000000.0,0.0,104000000.0,0.04,2614000000.0,1224000000.0,2314000000.0,0.0,-4.241,10.801,11.07,17329000000.0,0.0,79.59,0.673,0.671,5980000000.0,-6516000000.0,10696000000.0,10696000000.0,0.0,,,,,55000000.0,0.0,1.0,361249700.0,360170000,369834000.0,29.697,28374000000.0,0.0,248000000.0,1256000000.0,78.779,3837000000.0
16,HCA,MRQ,2017-06-30,2017-06-30,2017-06-30,2021-08-02,-293000000.0,34566000000.0,,9337000000.0,25229000000.0,,-18.565,-733000000.0,705000000.0,705000000.0,6691000000.0,795000000.0,1.618,-5.837,31661000000.0,213000000.0,31448000000.0,31661000000.0,0.0,521000000.0,0.0,0.0,0.0,1433000000.0,1954000000.0,0.182,1954000000.0,1433000000.0,1022000000.0,1.79,1.75,1.79,-6792000000.0,,-6792000000.0,62755081120.0,11.0,7.849,671000000.0,1.834,1.0,4042000000.0,0.377,6771000000.0,411000000.0,52980000000.0,,1544000000.0,549000000.0,0.0,549000000.0,39645000000.0,5771000000.0,33874000000.0,31994081120.0,-48000000.0,-195000000.0,-542000000.0,107000000.0,0.0,-530000000.0,-922000000.0,8000000.0,1404000000.0,0.0,657000000.0,657000000.0,657000000.0,0.0,138000000.0,0.061,2486000000.0,1556000000.0,2245000000.0,0.0,-4.711,11.21,11.414,16768000000.0,0.0,87.2,0.757,0.755,5782000000.0,-6503000000.0,10733000000.0,10733000000.0,0.0,,,,,67000000.0,0.0,1.0,366904600.0,365847000,375338000.0,29.337,27795000000.0,0.0,365000000.0,1282000000.0,75.974,3566000000.0
17,HCA,MRQ,2017-03-31,2017-03-31,2017-03-31,2021-08-02,-320000000.0,33795000000.0,,9037000000.0,24758000000.0,,-18.95,-571000000.0,753000000.0,753000000.0,6698000000.0,777000000.0,1.654,-5.58,31514000000.0,212000000.0,31302000000.0,31514000000.0,0.0,521000000.0,0.0,0.0,0.0,1367000000.0,1888000000.0,0.178,1888000000.0,1367000000.0,948000000.0,1.78,1.74,1.78,-7017000000.0,,-7017000000.0,63669915470.0,11.0,8.003,709000000.0,1.915,1.0,3925000000.0,0.369,6754000000.0,419000000.0,52339000000.0,,1501000000.0,543000000.0,0.0,543000000.0,39152000000.0,5463000000.0,33689000000.0,32939915470.0,107000000.0,-86000000.0,-424000000.0,115000000.0,0.0,-504000000.0,-669000000.0,-19000000.0,1280000000.0,0.0,659000000.0,659000000.0,659000000.0,0.0,118000000.0,0.062,2451000000.0,1474000000.0,2233000000.0,0.0,-4.694,11.538,11.787,16462000000.0,0.0,88.99,0.787,0.787,5664000000.0,-6701000000.0,10623000000.0,10623000000.0,0.0,,,,,73000000.0,0.0,1.0,370153000.0,370289000,379980000.0,28.688,27041000000.0,0.0,289000000.0,1253000000.0,73.027,3574000000.0
18,HCA,MRQ,2016-12-31,2016-12-31,2016-12-31,2021-08-02,-338000000.0,33758000000.0,,9086000000.0,24672000000.0,,-19.552,-876000000.0,646000000.0,646000000.0,6566000000.0,1085000000.0,1.557,-5.395,31376000000.0,216000000.0,31160000000.0,31376000000.0,0.0,503000000.0,0.0,0.0,0.0,1832000000.0,2335000000.0,0.219,2335000000.0,1832000000.0,1400000000.0,2.44,2.37,2.44,-7302000000.0,,-7302000000.0,58498235514.0,10.0,7.367,823000000.0,2.204,1.0,4075000000.0,0.383,6704000000.0,432000000.0,51950000000.0,,1503000000.0,542000000.0,0.0,542000000.0,39391000000.0,5834000000.0,33557000000.0,27734235514.0,-31000000.0,-105000000.0,-538000000.0,-91000000.0,0.0,-724000000.0,-1006000000.0,-14000000.0,1699000000.0,0.0,920000000.0,920000000.0,920000000.0,0.0,165000000.0,0.086,2103000000.0,1972000000.0,2318000000.0,0.0,-3.798,9.597,9.83,16352000000.0,0.0,74.02,0.668,0.684,5826000000.0,-6968000000.0,10641000000.0,10641000000.0,0.0,,,,,55000000.0,0.0,1.0,374685700.0,373460000,384673000.0,28.493,27054000000.0,0.0,480000000.0,1249000000.0,72.441,3252000000.0
19,HCA,MRQ,2016-09-30,2016-09-30,2016-09-30,2021-08-02,-341000000.0,33127000000.0,,8843000000.0,24284000000.0,,-20.526,-712000000.0,677000000.0,677000000.0,6439000000.0,745000000.0,1.715,-5.061,31441000000.0,216000000.0,31225000000.0,31441000000.0,0.0,495000000.0,0.0,0.0,0.0,1323000000.0,1818000000.0,0.177,1818000000.0,1323000000.0,891000000.0,1.63,1.59,1.63,-7763000000.0,,-7763000000.0,59398012106.0,11.0,8.035,494000000.0,1.306,1.0,3831000000.0,0.373,6691000000.0,432000000.0,52045000000.0,,1503000000.0,570000000.0,0.0,570000000.0,39290000000.0,5155000000.0,34135000000.0,28637012106.0,-14000000.0,-29000000.0,-355000000.0,-45000000.0,0.0,-541000000.0,-679000000.0,60000000.0,1206000000.0,0.0,618000000.0,618000000.0,618000000.0,0.0,127000000.0,0.06,2402000000.0,1429000000.0,1950000000.0,0.0,-3.689,11.221,11.618,15875000000.0,0.0,75.63,0.697,0.696,5503000000.0,-7426000000.0,10270000000.0,10270000000.0,0.0,,,,,67000000.0,0.0,1.0,378646200.0,378199000,389592000.0,27.155,26436000000.0,0.0,273000000.0,1746000000.0,69.9,3688000000.0
20,HCA,MRQ,2016-06-30,2016-06-30,2016-06-30,2021-08-02,-344000000.0,33205000000.0,,9095000000.0,24110000000.0,,-20.981,-663000000.0,691000000.0,691000000.0,6409000000.0,791000000.0,1.686,-4.897,31452000000.0,224000000.0,31228000000.0,31452000000.0,0.0,489000000.0,0.0,0.0,0.0,1426000000.0,1915000000.0,0.186,1915000000.0,1426000000.0,999000000.0,1.7,1.65,1.7,-8107000000.0,,-8107000000.0,59817060839.0,11.0,8.324,686000000.0,1.775,1.0,3910000000.0,0.379,6694000000.0,427000000.0,51876000000.0,,1481000000.0,542000000.0,0.0,542000000.0,39703000000.0,5396000000.0,34307000000.0,30115060839.0,-161000000.0,-411000000.0,-1237000000.0,874000000.0,0.0,-451000000.0,-1059000000.0,7000000.0,1349000000.0,0.0,658000000.0,658000000.0,658000000.0,0.0,133000000.0,0.064,2367000000.0,1543000000.0,1934000000.0,0.0,-3.715,12.637,12.921,15624000000.0,0.0,77.01,0.74,0.731,5669000000.0,-7767000000.0,10319000000.0,10319000000.0,0.0,,,,,64000000.0,0.0,1.0,391053900.0,386406000,398659000.0,26.705,26511000000.0,0.0,341000000.0,1953000000.0,68.609,3699000000.0
21,HCA,MRQ,2016-03-31,2016-03-31,2016-03-31,2021-08-02,-294000000.0,32776000000.0,,9201000000.0,23575000000.0,,-19.062,-509000000.0,852000000.0,852000000.0,6416000000.0,811000000.0,1.705,-5.132,30554000000.0,226000000.0,30328000000.0,30554000000.0,0.0,479000000.0,0.0,0.0,0.0,1394000000.0,1873000000.0,0.183,1873000000.0,1394000000.0,978000000.0,1.75,1.69,1.75,-7556000000.0,,-7556000000.0,60729603120.0,12.0,8.687,890000000.0,2.245,1.0,3844000000.0,0.375,6713000000.0,416000000.0,50367000000.0,,1415000000.0,599000000.0,0.0,599000000.0,38775000000.0,5398000000.0,33377000000.0,30982603120.0,111000000.0,-5000000.0,-621000000.0,37000000.0,0.0,-792000000.0,-496000000.0,11000000.0,1399000000.0,0.0,694000000.0,694000000.0,694000000.0,0.0,117000000.0,0.068,2344000000.0,1500000000.0,1944000000.0,0.0,-4.1,13.881,14.243,15057000000.0,0.0,78.05,0.77,0.768,5880000000.0,-7266000000.0,10260000000.0,10260000000.0,0.0,,,,,65000000.0,0.0,1.0,396958400.0,396397000,410575000.0,25.883,26063000000.0,0.0,284000000.0,1933000000.0,65.75,3803000000.0
22,HCA,MRQ,2015-12-31,2015-12-31,2015-12-31,2021-08-02,-265000000.0,32744000000.0,,9232000000.0,23512000000.0,,-18.748,-804000000.0,741000000.0,741000000.0,6292000000.0,738000000.0,1.674,-5.105,30488000000.0,233000000.0,30255000000.0,30488000000.0,0.0,480000000.0,0.0,0.0,0.0,1306000000.0,1786000000.0,0.174,1786000000.0,1306000000.0,896000000.0,1.43,1.39,1.43,-7599000000.0,,-7599000000.0,56734566551.0,11.0,8.153,754000000.0,1.86,1.0,3957000000.0,0.386,6731000000.0,410000000.0,50244000000.0,,1439000000.0,610000000.0,0.0,610000000.0,38790000000.0,5516000000.0,33274000000.0,27570566551.0,153000000.0,-121000000.0,-1011000000.0,686000000.0,0.0,-453000000.0,-952000000.0,-31000000.0,1558000000.0,0.0,582000000.0,582000000.0,582000000.0,0.0,156000000.0,0.057,2440000000.0,1517000000.0,2170000000.0,0.0,-3.628,12.95,13.158,15014000000.0,0.0,67.63,0.695,0.706,5889000000.0,-7338000000.0,10249000000.0,10249000000.0,0.0,,,,,68000000.0,0.0,1.0,407667700.0,405334000,415822000.0,25.285,26013000000.0,0.0,314000000.0,1904000000.0,64.177,3716000000.0
23,HCA,MRQ,2015-09-30,2015-09-30,2015-09-30,2021-08-02,-309000000.0,31896000000.0,,9221000000.0,22675000000.0,,-17.578,-567000000.0,588000000.0,588000000.0,6263000000.0,573000000.0,1.461,-5.17,29752000000.0,1377000000.0,28375000000.0,29752000000.0,0.0,482000000.0,0.0,0.0,0.0,1130000000.0,1612000000.0,0.164,1612000000.0,1130000000.0,719000000.0,1.08,1.05,1.08,-7294000000.0,,-7294000000.0,61183253120.0,12.0,8.893,534000000.0,1.287,1.0,3593000000.0,0.365,6540000000.0,411000000.0,48207000000.0,,1379000000.0,595000000.0,0.0,595000000.0,37708000000.0,6313000000.0,31395000000.0,32119253120.0,-85000000.0,-84000000.0,-446000000.0,-29000000.0,0.0,-564000000.0,-622000000.0,27000000.0,1101000000.0,0.0,449000000.0,449000000.0,449000000.0,0.0,124000000.0,0.046,2355000000.0,1238000000.0,1877000000.0,0.0,-4.404,15.487,15.692,14704000000.0,0.0,77.36,0.822,0.822,5827000000.0,-6989000000.0,9856000000.0,9856000000.0,0.0,,,,,68000000.0,0.0,1.0,415192000.0,414939000,426441000.0,23.753,25356000000.0,412000000.0,270000000.0,1903000000.0,61.108,2908000000.0
24,HCA,MRQ,2015-06-30,2015-06-30,2015-06-30,2021-08-02,-290000000.0,31710000000.0,,9293000000.0,22417000000.0,,-17.785,-558000000.0,673000000.0,673000000.0,6162000000.0,665000000.0,1.473,-5.086,29737000000.0,1374000000.0,28363000000.0,29737000000.0,0.0,469000000.0,0.0,0.0,0.0,1251000000.0,1720000000.0,0.174,1720000000.0,1251000000.0,826000000.0,1.22,1.18,1.22,-7406000000.0,,-7406000000.0,66444155760.0,13.0,9.504,499000000.0,1.198,1.0,3735000000.0,0.377,6484000000.0,425000000.0,47980000000.0,,1348000000.0,586000000.0,0.0,586000000.0,37665000000.0,6310000000.0,31355000000.0,37587155760.0,87000000.0,-60000000.0,-574000000.0,133000000.0,0.0,-393000000.0,-577000000.0,45000000.0,1057000000.0,0.0,507000000.0,507000000.0,507000000.0,0.0,158000000.0,0.051,2224000000.0,1511000000.0,1884000000.0,0.0,-5.075,17.54,17.964,14560000000.0,0.0,90.72,0.978,0.983,5804000000.0,-7120000000.0,9897000000.0,9897000000.0,0.0,,,,,55000000.0,0.0,1.0,414320500.0,416407000,429369000.0,23.768,25226000000.0,376000000.0,319000000.0,1860000000.0,60.58,2983000000.0
25,HCA,MRQ,2015-03-31,2015-03-31,2015-03-31,2021-08-02,-344000000.0,31288000000.0,,9130000000.0,22158000000.0,,-18.136,-446000000.0,586000000.0,586000000.0,6036000000.0,720000000.0,1.273,-4.923,29443000000.0,2037000000.0,27406000000.0,29443000000.0,0.0,473000000.0,0.0,0.0,0.0,1368000000.0,1841000000.0,0.19,1841000000.0,1368000000.0,949000000.0,1.41,1.36,1.41,-7620000000.0,,-7620000000.0,60718970095.0,12.0,8.791,572000000.0,1.361,1.0,3640000000.0,0.376,6415000000.0,419000000.0,46558000000.0,,1287000000.0,616000000.0,0.0,616000000.0,37510000000.0,7172000000.0,30338000000.0,31639970095.0,20000000.0,-13000000.0,-366000000.0,-62000000.0,0.0,-566000000.0,-432000000.0,22000000.0,1018000000.0,0.0,591000000.0,591000000.0,591000000.0,0.0,129000000.0,0.061,2190000000.0,1450000000.0,1973000000.0,0.0,-4.152,14.932,15.26,14392000000.0,0.0,75.23,0.838,0.837,5928000000.0,-7280000000.0,9676000000.0,9676000000.0,0.0,,,,,48000000.0,0.0,1.0,420576500.0,420148000,435309000.0,23.03,24873000000.0,304000000.0,358000000.0,1837000000.0,59.201,1958000000.0
26,HCA,MRQ,2014-12-31,2014-12-31,2014-12-31,2021-08-02,-323000000.0,30980000000.0,,8930000000.0,22050000000.0,,-18.393,-694000000.0,566000000.0,566000000.0,5941000000.0,676000000.0,1.63,-4.748,29426000000.0,338000000.0,29088000000.0,29426000000.0,0.0,459000000.0,0.0,0.0,0.0,1248000000.0,1707000000.0,0.177,1707000000.0,1248000000.0,819000000.0,1.22,1.18,1.22,-7894000000.0,,-7894000000.0,59774247282.0,13.0,9.131,933000000.0,2.174,1.0,3695000000.0,0.383,6416000000.0,429000000.0,47944000000.0,,1279000000.0,659000000.0,0.0,659000000.0,37478000000.0,5480000000.0,31998000000.0,31819247282.0,51000000.0,-656000000.0,-1000000000.0,937000000.0,0.0,-170000000.0,-1406000000.0,-59000000.0,1627000000.0,0.0,527000000.0,527000000.0,527000000.0,0.0,149000000.0,0.055,2237000000.0,1458000000.0,2035000000.0,0.0,-4.031,16.97,17.067,14355000000.0,0.0,73.39,0.862,0.866,5694000000.0,-7575000000.0,9636000000.0,9636000000.0,0.0,,,,,45000000.0,0.0,1.0,433563800.0,429176000,443794000.0,22.452,24564000000.0,366000000.0,292000000.0,1832000000.0,57.235,3450000000.0
27,HCA,MRQ,2014-09-30,2014-09-30,2014-09-30,2021-08-02,-206000000.0,29825000000.0,,8527000000.0,21298000000.0,,-17.068,-569000000.0,515000000.0,515000000.0,5750000000.0,611000000.0,1.514,-4.854,28470000000.0,1044000000.0,27426000000.0,28470000000.0,0.0,460000000.0,0.0,0.0,0.0,1263000000.0,1723000000.0,0.187,1723000000.0,1263000000.0,836000000.0,1.2,1.16,1.2,-7384000000.0,,-7384000000.0,58821797252.0,13.0,9.154,559000000.0,1.292,1.0,3470000000.0,0.376,5899000000.0,427000000.0,46249000000.0,,1258000000.0,608000000.0,0.0,608000000.0,35843000000.0,5632000000.0,30211000000.0,30491797252.0,-143000000.0,-64000000.0,0.0,-543000000.0,0.0,-623000000.0,-648000000.0,-21000000.0,1128000000.0,0.0,518000000.0,518000000.0,518000000.0,0.0,93000000.0,0.056,2148000000.0,1322000000.0,1787000000.0,0.0,-4.129,17.208,17.455,13878000000.0,0.0,70.52,0.844,0.845,5524000000.0,-8054000000.0,9220000000.0,9220000000.0,0.0,,,,,41000000.0,0.0,1.0,432385100.0,432617000,447260000.0,21.312,23926000000.0,320000000.0,318000000.0,1740000000.0,55.305,2895000000.0
28,HCA,MRQ,2014-06-30,2014-06-30,2014-06-30,2021-08-02,-199000000.0,29822000000.0,,8772000000.0,21050000000.0,,-18.207,-513000000.0,658000000.0,658000000.0,5630000000.0,632000000.0,1.488,-4.557,28988000000.0,1046000000.0,27942000000.0,28988000000.0,0.0,454000000.0,0.0,0.0,0.0,1182000000.0,1636000000.0,0.177,1636000000.0,1182000000.0,755000000.0,1.1,1.07,1.1,-7990000000.0,,-7990000000.0,53141320406.0,12.0,8.567,737000000.0,1.679,1.0,3600000000.0,0.39,5909000000.0,427000000.0,46348000000.0,,1211000000.0,576000000.0,0.0,576000000.0,36410000000.0,5895000000.0,30515000000.0,25067320406.0,-192000000.0,1000000.0,-750000000.0,-161000000.0,7000000.0,-987000000.0,-455000000.0,56000000.0,1250000000.0,0.0,483000000.0,483000000.0,483000000.0,0.0,149000000.0,0.052,2098000000.0,1502000000.0,1717000000.0,0.0,-3.137,15.483,15.404,13721000000.0,0.0,56.38,0.709,0.7,5472000000.0,-8572000000.0,9230000000.0,9230000000.0,0.0,,,,,40000000.0,0.0,1.0,444613700.0,438833000,453009000.0,21.033,23913000000.0,500000000.0,272000000.0,1554000000.0,54.492,2877000000.0
29,HCA,MRQ,2014-03-31,2014-03-31,2014-03-31,2021-08-02,-232000000.0,29809000000.0,,8877000000.0,20932000000.0,,-17.704,-400000000.0,850000000.0,850000000.0,5582000000.0,454000000.0,1.507,-4.634,28924000000.0,1041000000.0,27883000000.0,28924000000.0,0.0,447000000.0,0.0,0.0,0.0,1033000000.0,1480000000.0,0.168,1480000000.0,1033000000.0,573000000.0,0.78,0.76,0.78,-7828000000.0,,-7828000000.0,51088922000.0,12.0,8.313,43000000.0,0.097,1.0,3250000000.0,0.368,5910000000.0,460000000.0,46082000000.0,,1187000000.0,595000000.0,0.0,595000000.0,36276000000.0,5891000000.0,30385000000.0,23126922000.0,436000000.0,4000000.0,0.0,472000000.0,-7000000.0,402000000.0,-409000000.0,-13000000.0,443000000.0,0.0,347000000.0,347000000.0,347000000.0,0.0,107000000.0,0.039,2170000000.0,1080000000.0,1735000000.0,0.0,-2.954,14.834,14.957,13612000000.0,0.0,52.5,0.669,0.671,5489000000.0,-9055000000.0,8832000000.0,8832000000.0,0.0,,,,,37000000.0,0.0,1.0,440512800.0,442150000,457449000.0,19.975,23899000000.0,492000000.0,226000000.0,1524000000.0,54.052,2986000000.0
30,HCA,MRQ,2013-12-31,2013-12-31,2013-12-31,2021-08-02,-257000000.0,28831000000.0,,8037000000.0,20794000000.0,,-18.715,-596000000.0,414000000.0,414000000.0,5529000000.0,554000000.0,1.411,-4.324,28376000000.0,786000000.0,27590000000.0,28376000000.0,0.0,461000000.0,0.0,0.0,0.0,1126000000.0,1587000000.0,0.18,1587000000.0,1126000000.0,670000000.0,0.96,0.93,0.96,-8270000000.0,,-8270000000.0,49259350980.0,11.0,8.066,630000000.0,1.426,1.0,3307000000.0,0.374,5903000000.0,456000000.0,45195000000.0,,1179000000.0,569000000.0,0.0,569000000.0,35759000000.0,5695000000.0,30064000000.0,21366350980.0,-70000000.0,-16000000.0,-500000000.0,-22000000.0,13000000.0,-624000000.0,-672000000.0,-61000000.0,1226000000.0,0.0,424000000.0,424000000.0,424000000.0,0.0,130000000.0,0.048,2104000000.0,1203000000.0,1803000000.0,0.0,-2.584,13.732,13.631,13619000000.0,0.0,47.71,0.625,0.621,5208000000.0,-9403000000.0,8836000000.0,8836000000.0,0.0,,,,,32000000.0,0.0,1.0,447838000.0,441889000,458499000.0,19.996,22928000000.0,489000000.0,246000000.0,1525000000.0,51.886,2342000000.0
31,HCA,MRQ,2013-09-30,2013-09-30,2013-09-30,2021-08-02,-374000000.0,28393000000.0,,7771000000.0,20622000000.0,,-18.724,-451000000.0,484000000.0,484000000.0,5373000000.0,467000000.0,1.434,-4.231,28377000000.0,988000000.0,27389000000.0,28377000000.0,0.0,443000000.0,0.0,0.105,0.0,1057000000.0,1500000000.0,0.177,1500000000.0,1057000000.0,599000000.0,0.82,0.79,0.82,-8376000000.0,,-8376000000.0,46855838475.0,11.0,8.011,449000000.0,1.004,1.0,3083000000.0,0.365,5832000000.0,458000000.0,45035000000.0,,1135000000.0,527000000.0,0.0,527000000.0,35437000000.0,5419000000.0,30018000000.0,19117838475.0,22000000.0,-440000000.0,0.0,118000000.0,-3000000.0,6000000.0,-884000000.0,-5000000.0,900000000.0,0.0,365000000.0,365000000.0,365000000.0,0.0,102000000.0,0.043,2007000000.0,1076000000.0,1582000000.0,0.0,-2.282,13.221,13.154,13322000000.0,0.0,42.75,0.566,0.566,4924000000.0,-9827000000.0,8456000000.0,8456000000.0,0.0,,,,,30000000.0,0.0,1.0,447200900.0,447329000,463569000.0,18.903,22561000000.0,400000000.0,234000000.0,1670000000.0,50.435,2352000000.0
32,HCA,MRQ,2013-06-30,2013-06-30,2013-06-30,2021-08-02,-426000000.0,27934000000.0,,7791000000.0,20143000000.0,,-19.755,-492000000.0,462000000.0,462000000.0,5318000000.0,537000000.0,1.294,-4.014,28200000000.0,1456000000.0,26744000000.0,28200000000.0,0.0,425000000.0,0.0,0.125,0.0,1154000000.0,1579000000.0,0.187,1579000000.0,1154000000.0,692000000.0,0.95,0.91,0.95,-8823000000.0,,-8823000000.0,44099569074.0,11.0,7.611,322000000.0,0.721,1.0,3132000000.0,0.371,5534000000.0,462000000.0,44118000000.0,,1152000000.0,525000000.0,0.0,525000000.0,35419000000.0,6020000000.0,29399000000.0,16085569074.0,-132000000.0,29000000.0,0.0,-442000000.0,0.0,-529000000.0,-417000000.0,51000000.0,814000000.0,0.0,423000000.0,423000000.0,423000000.0,0.0,114000000.0,0.05,1932000000.0,1200000000.0,1657000000.0,0.0,-1.823,11.163,11.095,13229000000.0,0.0,36.06,0.482,0.482,4915000000.0,-10193000000.0,8450000000.0,8450000000.0,0.0,,,,,28000000.0,0.0,1.0,446077900.0,446612000,463184000.0,18.92,22400000000.0,401000000.0,269000000.0,1695000000.0,50.155,1771000000.0
33,HCA,MRQ,2013-03-31,2013-03-31,2013-03-31,2021-08-02,-475000000.0,27882000000.0,,7787000000.0,20095000000.0,,-20.979,-404000000.0,594000000.0,594000000.0,5396000000.0,438000000.0,1.3,-3.85,28608000000.0,1438000000.0,27170000000.0,28608000000.0,0.0,424000000.0,0.0,0.111,0.0,1017000000.0,1441000000.0,0.171,1441000000.0,1017000000.0,545000000.0,0.77,0.74,0.77,-9323000000.0,,-9323000000.0,46248866174.0,12.0,8.131,336000000.0,0.756,1.0,3044000000.0,0.361,5541000000.0,472000000.0,44364000000.0,,1104000000.0,530000000.0,0.0,530000000.0,35894000000.0,5991000000.0,29903000000.0,18023866174.0,-111000000.0,-21000000.0,0.0,-351000000.0,-10000000.0,-478000000.0,-373000000.0,51000000.0,740000000.0,0.0,344000000.0,344000000.0,344000000.0,0.0,94000000.0,0.041,1947000000.0,1097000000.0,1691000000.0,0.0,-1.933,12.792,12.737,13144000000.0,0.0,40.63,0.545,0.546,4877000000.0,-10616000000.0,8440000000.0,8440000000.0,0.0,,,,,23000000.0,0.0,1.0,443609800.0,444401000,462368000.0,18.992,22341000000.0,385000000.0,201000000.0,1763000000.0,50.272,1796000000.0
34,HCA,MRQ,2012-12-31,2012-12-31,2012-12-31,2021-08-02,-457000000.0,28075000000.0,,7763000000.0,20312000000.0,,-21.836,-594000000.0,705000000.0,705000000.0,5366000000.0,427000000.0,1.258,-3.77,28930000000.0,1435000000.0,27495000000.0,28930000000.0,0.0,425000000.0,0.0,0.215,4.5,904000000.0,1329000000.0,0.158,1329000000.0,904000000.0,442000000.0,0.71,0.68,0.71,-9660000000.0,,-9660000000.0,39780861912.0,9.0,6.663,669000000.0,1.512,1.0,3068000000.0,0.364,5539000000.0,462000000.0,44589000000.0,,1086000000.0,619000000.0,0.0,619000000.0,36416000000.0,6172000000.0,30244000000.0,13319861912.0,233000000.0,-78000000.0,0.0,1896000000.0,-2165000000.0,-307000000.0,-723000000.0,-57000000.0,1263000000.0,0.0,314000000.0,314000000.0,314000000.0,0.0,113000000.0,0.037,2152000000.0,916000000.0,1768000000.0,6.338,-1.379,8.299,8.266,13185000000.0,0.0,30.17,0.403,0.402,4672000000.0,-10960000000.0,8434000000.0,8434000000.0,0.0,,,,,17000000.0,0.0,1.0,441493600.0,442389000,461146000.0,19.065,22536000000.0,385000000.0,128000000.0,1776000000.0,50.942,1591000000.0
35,HCA,MRQ,2012-09-30,2012-09-30,2012-09-30,2021-08-02,-440000000.0,27302000000.0,,7272000000.0,20030000000.0,,-17.825,-484000000.0,472000000.0,472000000.0,5156000000.0,455000000.0,1.241,-4.309,26933000000.0,1751000000.0,25182000000.0,26933000000.0,0.0,417000000.0,0.0,0.06,0.0,1028000000.0,1445000000.0,0.179,1445000000.0,1028000000.0,582000000.0,0.82,0.78,0.82,-7859000000.0,,-7859000000.0,41174702275.0,7.0,5.252,171000000.0,0.388,1.0,2906000000.0,0.36,5460000000.0,446000000.0,42442000000.0,,1052000000.0,576000000.0,0.0,576000000.0,33865000000.0,5861000000.0,28004000000.0,14651702275.0,-46000000.0,-17000000.0,0.0,-137000000.0,-1000000.0,-247000000.0,-454000000.0,38000000.0,655000000.0,0.0,360000000.0,360000000.0,360000000.0,0.0,95000000.0,0.045,1927000000.0,979000000.0,1585000000.0,0.0,-1.864,4.542,4.73,12960000000.0,0.0,33.25,0.453,0.453,4598000000.0,-9103000000.0,8062000000.0,8062000000.0,0.0,,,,,16000000.0,0.0,1.0,440652700.0,440899000,459515000.0,18.285,21842000000.0,322000000.0,222000000.0,1860000000.0,49.54,1411000000.0
36,HCA,MRQ,2012-06-30,2012-06-30,2012-06-30,2021-08-02,-449000000.0,27132000000.0,,7137000000.0,19995000000.0,,-18.757,-449000000.0,518000000.0,518000000.0,5129000000.0,485000000.0,1.31,-4.134,27041000000.0,1309000000.0,25732000000.0,27041000000.0,0.0,420000000.0,0.0,0.066,0.0,1053000000.0,1473000000.0,0.182,1473000000.0,1053000000.0,605000000.0,0.89,0.85,0.89,-8243000000.0,,-8243000000.0,40783446646.0,7.0,5.576,1011000000.0,2.3,1.0,2983000000.0,0.368,5431000000.0,448000000.0,42777000000.0,,1055000000.0,597000000.0,0.0,597000000.0,34075000000.0,5447000000.0,28628000000.0,13352446646.0,47000000.0,-22000000.0,0.0,-868000000.0,0.0,-964000000.0,-449000000.0,29000000.0,1460000000.0,0.0,391000000.0,391000000.0,391000000.0,0.0,94000000.0,0.048,1913000000.0,1070000000.0,1517000000.0,0.0,-1.62,4.562,4.807,12846000000.0,0.0,30.43,0.423,0.424,4485000000.0,-9463000000.0,8112000000.0,8112000000.0,0.0,,,,,14000000.0,0.0,1.0,438792200.0,439473000,458621000.0,18.458,21701000000.0,323000000.0,214000000.0,1857000000.0,49.38,1690000000.0
37,HCA,MRQ,2012-03-31,2012-03-31,2012-03-31,2021-08-02,-411000000.0,27139000000.0,,7282000000.0,19857000000.0,,-19.667,-335000000.0,471000000.0,471000000.0,5155000000.0,639000000.0,1.297,-4.001,27902000000.0,1841000000.0,26061000000.0,27902000000.0,0.0,417000000.0,0.0,0.081,2.0,1306000000.0,1723000000.0,0.205,1723000000.0,1306000000.0,864000000.0,1.23,1.18,1.23,-8613000000.0,,-8613000000.0,37505669320.0,7.0,5.286,462000000.0,1.055,1.0,3250000000.0,0.387,5398000000.0,442000000.0,43557000000.0,,1046000000.0,644000000.0,0.0,644000000.0,34463000000.0,5615000000.0,28848000000.0,10826669320.0,98000000.0,-111000000.0,0.0,771000000.0,-982000000.0,-262000000.0,-437000000.0,6000000.0,797000000.0,0.0,540000000.0,540000000.0,540000000.0,0.0,99000000.0,0.064,1910000000.0,1340000000.0,1412000000.0,1.626,-1.257,3.916,4.207,12787000000.0,0.0,24.74,0.353,0.353,4878000000.0,-9854000000.0,8405000000.0,8405000000.0,0.0,,,,,9000000.0,0.0,1.0,437618000.0,437936000,458312000.0,19.192,21741000000.0,226000000.0,324000000.0,1757000000.0,49.644,1667000000.0
38,HCA,MRQ,2011-12-31,2011-12-31,2011-12-31,2021-08-02,-440000000.0,26898000000.0,,7233000000.0,19665000000.0,,-18.912,-509000000.0,373000000.0,373000000.0,4838000000.0,2042000000.0,1.302,-4.107,27052000000.0,1407000000.0,25645000000.0,27052000000.0,0.0,387000000.0,0.0,0.0,0.0,2812000000.0,3199000000.0,0.412,3199000000.0,2812000000.0,2347000000.0,4.09,3.93,4.09,-8258000000.0,,-8258000000.0,35854357319.0,7.0,5.363,878000000.0,2.011,1.0,2931000000.0,0.377,5251000000.0,465000000.0,42772000000.0,,1054000000.0,649000000.0,0.0,649000000.0,33912000000.0,5554000000.0,28358000000.0,9617357319.0,14000000.0,-1247000000.0,0.0,400000000.0,0.0,382000000.0,-1755000000.0,0.0,1387000000.0,0.0,1935000000.0,1935000000.0,1935000000.0,0.0,107000000.0,0.249,1840000000.0,1091000000.0,1597000000.0,0.0,-1.165,3.902,4.261,12834000000.0,0.0,22.03,0.324,0.354,4533000000.0,-9423000000.0,7769000000.0,7769000000.0,0.0,,,,,2000000.0,0.0,1.0,436557300.0,436664000,455023000.0,17.792,21647000000.0,594000000.0,412000000.0,1720000000.0,49.574,1679000000.0
39,HCA,MRQ,2011-09-30,2011-09-30,2011-09-30,2021-08-02,-424000000.0,23756000000.0,,6693000000.0,17063000000.0,,-20.05,-394000000.0,359000000.0,359000000.0,4596000000.0,146000000.0,1.567,-3.219,26596000000.0,725000000.0,25871000000.0,26596000000.0,0.0,362000000.0,0.0,0.0,0.0,557000000.0,919000000.0,0.127,919000000.0,557000000.0,38000000.0,0.12,0.11,0.12,-10194000000.0,,-10194000000.0,35207340736.0,10.0,7.297,486000000.0,0.956,1.0,2662000000.0,0.367,2701000000.0,519000000.0,43021000000.0,,891000000.0,1382000000.0,0.0,1382000000.0,32818000000.0,4271000000.0,28547000000.0,10426340736.0,-180000000.0,-40000000.0,-1503000000.0,963000000.0,-1000000.0,-632000000.0,-428000000.0,4000000.0,880000000.0,0.0,61000000.0,61000000.0,61000000.0,0.0,85000000.0,0.008,1731000000.0,931000000.0,1334000000.0,0.0,-1.023,12.825,11.455,11645000000.0,0.0,20.16,0.359,0.353,3925000000.0,-11358000000.0,7258000000.0,7258000000.0,0.0,,,,,8000000.0,0.0,1.0,517179600.0,508417000,527515000.0,14.276,21055000000.0,643000000.0,-23000000.0,1683000000.0,41.413,2422000000.0
40,HCA,MRQ,2011-06-30,2011-06-30,2011-06-30,2021-08-02,-339000000.0,23877000000.0,,6891000000.0,16986000000.0,,-16.809,-447000000.0,539000000.0,539000000.0,4615000000.0,320000000.0,1.611,-3.618,25320000000.0,689000000.0,24631000000.0,25320000000.0,0.0,358000000.0,0.0,0.0,0.0,896000000.0,1254000000.0,0.173,1254000000.0,896000000.0,376000000.0,0.44,0.43,0.44,-8681000000.0,,-8681000000.0,41829331200.0,11.0,8.092,301000000.0,0.583,1.0,2634000000.0,0.363,2719000000.0,520000000.0,41661000000.0,,887000000.0,1358000000.0,0.0,1358000000.0,31411000000.0,4278000000.0,27133000000.0,17016331200.0,-14000000.0,-147000000.0,0.0,-144000000.0,0.0,-223000000.0,-539000000.0,56000000.0,748000000.0,0.0,229000000.0,229000000.0,229000000.0,0.0,91000000.0,0.032,1684000000.0,950000000.0,1297000000.0,0.0,-1.96,17.102,14.932,11584000000.0,0.0,33.0,0.592,0.593,3946000000.0,-11419000000.0,7249000000.0,7249000000.0,0.0,,,,,8000000.0,0.0,1.0,515646400.0,516448000,538557000.0,14.036,21158000000.0,894000000.0,147000000.0,1515000000.0,40.968,2613000000.0
41,HCA,MRQ,2011-03-31,2011-03-31,2011-03-31,2021-08-02,-344000000.0,23809000000.0,,6986000000.0,16823000000.0,,-20.103,-329000000.0,553000000.0,553000000.0,4570000000.0,334000000.0,1.637,-3.538,25366000000.0,546000000.0,24820000000.0,25366000000.0,0.0,358000000.0,0.0,0.0,0.0,956000000.0,1314000000.0,0.177,1314000000.0,956000000.0,423000000.0,0.54,0.52,0.54,-8930000000.0,,-8930000000.0,45263996737.0,12.0,8.656,589000000.0,1.326,1.0,2836000000.0,0.383,2705000000.0,533000000.0,41650000000.0,,881000000.0,1442000000.0,0.0,1442000000.0,31597000000.0,4267000000.0,27330000000.0,17449996737.0,142000000.0,33000000.0,2506000000.0,-2900000000.0,-30000000.0,-503000000.0,-273000000.0,20000000.0,918000000.0,0.0,240000000.0,240000000.0,240000000.0,0.0,94000000.0,0.032,1861000000.0,975000000.0,1348000000.0,0.0,-1.954,16.478,13.768,11347000000.0,0.0,33.87,0.597,0.514,4060000000.0,-11648000000.0,7406000000.0,7406000000.0,0.0,,,,,8000000.0,0.0,1.0,515205100.0,444202000,461969000.0,16.673,21104000000.0,916000000.0,183000000.0,1507000000.0,47.51,2719000000.0
42,HCA,MRQ,2010-12-31,2010-12-31,2010-12-31,2021-08-02,-428000000.0,23852000000.0,,6919000000.0,16933000000.0,,-27.952,-465000000.0,411000000.0,411000000.0,4478000000.0,394000000.0,1.621,-2.905,28225000000.0,592000000.0,27633000000.0,28225000000.0,0.0,359000000.0,0.0,,0.0,979000000.0,1338000000.0,0.187,1338000000.0,979000000.0,453000000.0,0.66,0.65,0.66,-11926000000.0,,-11926000000.0,,,,69000000.0,0.162,1.0,2683000000.0,0.375,2693000000.0,526000000.0,44704000000.0,,897000000.0,1511000000.0,0.0,1511000000.0,34646000000.0,4269000000.0,30377000000.0,,34000000.0,-187000000.0,0.0,2106000000.0,-2006000000.0,141000000.0,-641000000.0,-1000000.0,534000000.0,0.0,283000000.0,283000000.0,283000000.0,0.0,111000000.0,0.04,1671000000.0,1012000000.0,1537000000.0,0.0,,,,11352000000.0,0.0,,,,3832000000.0,-11888000000.0,7161000000.0,7161000000.0,0.0,,,,,8000000.0,0.0,1.0,515205100.0,426655000,437572000.0,16.784,21159000000.0,931000000.0,170000000.0,1608000000.0,49.593,2650000000.0
43,HCA,MRQ,2010-09-30,2010-09-30,2010-09-30,2021-08-02,,,,,,,,-324000000.0,,,4368000000.0,325000000.0,,,,,,,,352000000.0,,,0.0,911000000.0,1263000000.0,0.182,1263000000.0,911000000.0,386000000.0,0.57,0.55,0.57,,,,,,,932000000.0,2.186,1.0,2558000000.0,0.369,,525000000.0,,,,,,,,,,,27000000.0,-3000000.0,0.0,-785000000.0,0.0,-882000000.0,-347000000.0,-29000000.0,1256000000.0,0.0,243000000.0,243000000.0,243000000.0,0.0,82000000.0,0.035,1630000000.0,928000000.0,,0.0,,,,,0.0,,,,,,6926000000.0,6926000000.0,0.0,,,,,8000000.0,0.0,1.0,,426361000,439032000.0,16.244,,,143000000.0,,,
44,HCA,MRQ,2010-06-30,2010-06-30,2010-06-30,2021-08-02,,,,,,,,-322000000.0,,,4327000000.0,378000000.0,,,,,,,,355000000.0,,,0.0,959000000.0,1314000000.0,0.169,1314000000.0,959000000.0,429000000.0,0.69,0.67,0.69,,,,,,,114000000.0,0.267,1.0,3429000000.0,0.442,,530000000.0,,,,,,,,,,,-38000000.0,-9000000.0,0.0,-29000000.0,-500000000.0,-604000000.0,130000000.0,473000000.0,436000000.0,0.0,293000000.0,293000000.0,293000000.0,0.0,85000000.0,0.038,2460000000.0,969000000.0,,0.0,,,,,0.0,,,,,,7756000000.0,7756000000.0,0.0,,,,,8000000.0,0.0,1.0,,426329000,437104000.0,18.193,,,136000000.0,,,
45,HCA,MRQ,2010-03-31,2010-03-31,2010-03-31,2021-08-02,,,,,,,,-214000000.0,,,4272000000.0,476000000.0,,,,,,,,355000000.0,,,0.0,1113000000.0,1468000000.0,0.195,1468000000.0,1113000000.0,597000000.0,0.91,0.89,0.91,,,,,,,645000000.0,1.513,1.0,3272000000.0,0.434,,516000000.0,,,,,,,,,,,76000000.0,3000000.0,0.0,1191000000.0,-1751000000.0,-602000000.0,-181000000.0,29000000.0,859000000.0,0.0,388000000.0,388000000.0,388000000.0,0.0,88000000.0,0.051,2139000000.0,1133000000.0,,0.0,,,,,0.0,,,,,,7544000000.0,7544000000.0,0.0,,,,,8000000.0,0.0,1.0,,426350000,435680000.0,17.694,,,209000000.0,,,
46,HCA,MRQ,2009-12-31,2009-12-31,2009-12-31,2021-08-02,-450000000.0,24131000000.0,,6577000000.0,17554000000.0,,-21.115,,312000000.0,312000000.0,,,1.525,-3.573,25670000000.0,846000000.0,24824000000.0,25670000000.0,0.0,,0.0,,0.0,,,,,,,,,,-8986000000.0,,-8986000000.0,,,,,,1.0,,,2577000000.0,,42599000000.0,,802000000.0,2019000000.0,0.0,2019000000.0,32109000000.0,4313000000.0,27796000000.0,,,,,,,,,,,,,,,,,,,,1460000000.0,,,,,11427000000.0,,,,,3692000000.0,-8763000000.0,,,,,,,,,,1.0,,425567000,,,21554000000.0,1192000000.0,,1768000000.0,50.648,2264000000.0
0,HCA,MRT,2021-06-30,2021-06-30,2021-06-30,2021-08-02,-475000000.0,48164000000.0,48486750000.0,12475000000.0,35689000000.0,1.155,-1.807,-2733000000.0,1120000000.0,1120000000.0,34214000000.0,5717000000.0,1.448,-78.202,34339000000.0,253000000.0,34086000000.0,34339000000.0,0.0,2765000000.0,0.0,0.006,1.3,7938000000.0,10703000000.0,0.191,10703000000.0,7938000000.0,6400000000.0,14.81,14.59,14.81,-593000000.0,-187000000.0,-593000000.0,100131718070.0,13.0,9.355,640000000.0,1.95,1.0,21802000000.0,0.389,8680000000.0,1538000000.0,64088000000.0,60272500000.0,2027000000.0,792000000.0,0.0,792000000.0,46374000000.0,8615000000.0,37759000000.0,68359718070.0,-3518000000.0,-261000000.0,-3814000000.0,1301000000.0,-325000000.0,-3907000000.0,-3009000000.0,-21000000.0,3373000000.0,25000000.0,4967000000.0,4967000000.0,4967000000.0,0.0,750000000.0,0.089,13214000000.0,8588000000.0,3531000000.0,0.088,-115.278,13.763,13.959,25589000000.0,0.0,206.74,1.22,1.211,7636000000.0,-121000000.0,56016000000.0,56016000000.0,0.0,0.102,-26.561,0.132,0.142,440000000.0,0.0,1.0,330655500.0,328171000,332613000.0,170.691,39484000000.0,0.0,1433000000.0,2088000000.0,120.315,3860000000.0
1,HCA,MRT,2021-03-31,2021-03-31,2021-03-31,2021-08-02,-491000000.0,47277000000.0,48623000000.0,12036000000.0,35241000000.0,1.083,0.731,-2636000000.0,1030000000.0,1030000000.0,32527000000.0,5269000000.0,1.393,181.356,32802000000.0,234000000.0,32568000000.0,32802000000.0,0.0,2744000000.0,0.0,0.004,0.82,7460000000.0,10204000000.0,0.194,10204000000.0,7460000000.0,5920000000.0,13.59,13.39,13.59,247000000.0,-485250000.0,247000000.0,94904061950.0,13.0,9.301,7209000000.0,21.321,1.0,20122000000.0,0.382,8575000000.0,1540000000.0,61832000000.0,58028000000.0,2068000000.0,820000000.0,0.0,820000000.0,44795000000.0,8642000000.0,36153000000.0,64020061950.0,299000000.0,-209000000.0,-1527000000.0,-3998000000.0,-170000000.0,-6672000000.0,-2897000000.0,-21000000.0,9845000000.0,23000000.0,4596000000.0,4596000000.0,4596000000.0,0.0,673000000.0,0.087,12045000000.0,8077000000.0,3524000000.0,0.06,259.191,13.93,13.859,25271000000.0,0.0,188.34,1.216,1.21,7424000000.0,735000000.0,52649000000.0,52649000000.0,0.0,0.095,-9.471,0.129,0.142,377000000.0,0.0,1.0,339917500.0,338123000,343321000.0,155.71,38702000000.0,0.0,1324000000.0,2032000000.0,114.461,3394000000.0
2,HCA,MRT,2020-12-31,2020-12-31,2020-12-31,2021-08-02,-502000000.0,47490000000.0,48159000000.0,12333000000.0,35157000000.0,1.07,1.691,-2835000000.0,1793000000.0,1793000000.0,32243000000.0,4387000000.0,1.417,77.969,32677000000.0,209000000.0,32468000000.0,32677000000.0,0.0,2721000000.0,0.0,0.005,0.77,6381000000.0,9102000000.0,0.177,9102000000.0,6381000000.0,4797000000.0,11.1,10.93,11.1,572000000.0,-1287500000.0,572000000.0,81660103162.0,13.0,8.972,6397000000.0,18.911,1.0,19290000000.0,0.374,8578000000.0,1584000000.0,61092000000.0,58930500000.0,2025000000.0,810000000.0,0.0,810000000.0,44598000000.0,8704000000.0,35894000000.0,55649103162.0,1172000000.0,-500000000.0,-441000000.0,-3252000000.0,-153000000.0,-4677000000.0,-3393000000.0,-20000000.0,9232000000.0,10000000.0,3754000000.0,3754000000.0,3754000000.0,0.0,633000000.0,0.073,12028000000.0,7262000000.0,3535000000.0,0.069,97.289,14.824,14.816,25223000000.0,0.0,164.46,1.08,1.08,7051000000.0,777000000.0,51533000000.0,51533000000.0,0.0,0.078,-2.916,0.108,0.124,362000000.0,0.0,1.0,338374700.0,338274000,343605000.0,152.341,38912000000.0,0.0,1043000000.0,1940000000.0,115.031,3629000000.0
3,HCA,MRT,2020-09-30,2020-09-30,2020-09-30,2021-08-02,-515000000.0,51016000000.0,47551000000.0,16266000000.0,34750000000.0,1.068,-2.88,-3361000000.0,6588000000.0,6588000000.0,31881000000.0,3966000000.0,1.131,-51.044,32599000000.0,172000000.0,32427000000.0,32599000000.0,0.0,2753000000.0,0.0,0.007,0.83,6037000000.0,8790000000.0,0.173,8790000000.0,6037000000.0,4398000000.0,10.04,9.89,10.04,-974000000.0,-2132500000.0,-974000000.0,69980991844.0,12.0,7.961,11959000000.0,35.364,1.0,18882000000.0,0.372,8570000000.0,1639000000.0,54078000000.0,59565500000.0,1950000000.0,725000000.0,0.0,725000000.0,49717000000.0,14379000000.0,35338000000.0,42145991844.0,6029000000.0,-390000000.0,-713000000.0,-3785000000.0,-289000000.0,-5471000000.0,-3828000000.0,-50000000.0,15320000000.0,8000000.0,3399000000.0,3399000000.0,3399000000.0,0.0,567000000.0,0.067,12046000000.0,6836000000.0,3270000000.0,0.083,-43.271,12.4,12.418,24913000000.0,0.0,124.68,0.83,0.831,6433000000.0,-647000000.0,50763000000.0,50763000000.0,0.0,0.071,-1.594,0.101,0.119,313000000.0,0.0,1.0,338033300.0,338168000,343346000.0,150.112,42446000000.0,0.0,999000000.0,1477000000.0,125.517,1887000000.0
4,HCA,MRT,2020-06-30,2020-06-30,2020-06-30,2021-08-02,-562000000.0,48709000000.0,45775000000.0,14031000000.0,34678000000.0,1.095,-5.288,-4011000000.0,4638000000.0,4638000000.0,31717000000.0,3951000000.0,1.091,-26.955,32473000000.0,163000000.0,32310000000.0,32473000000.0,4999000000.0,2706000000.0,0.0,0.013,1.23,6050000000.0,8756000000.0,0.175,8756000000.0,6050000000.0,4348000000.0,9.87,9.7,9.87,-1786000000.0,-2780250000.0,-1786000000.0,68396290434.0,11.0,7.811,10718000000.0,31.733,1.0,18429000000.0,0.368,8578000000.0,1702000000.0,55110000000.0,61984500000.0,1834000000.0,639000000.0,0.0,639000000.0,48141000000.0,12856000000.0,35285000000.0,32769290434.0,2208000000.0,-465000000.0,-952000000.0,-5935000000.0,-425000000.0,-7957000000.0,-4560000000.0,-45000000.0,14729000000.0,-4000000.0,3343000000.0,3343000000.0,3343000000.0,0.0,608000000.0,0.067,11278000000.0,7151000000.0,2882000000.0,0.125,-18.348,9.802,9.834,24934000000.0,0.0,97.06,0.653,0.654,6139000000.0,-1315000000.0,50146000000.0,50146000000.0,0.0,0.073,-1.202,0.098,0.121,337000000.0,0.0,1.0,337618900.0,337760000,341599000.0,148.466,40131000000.0,0.0,1005000000.0,1490000000.0,118.815,1175000000.0
5,HCA,MRT,2020-03-31,2020-03-31,2020-03-31,2021-08-02,-571000000.0,45421000000.0,44960000000.0,11016000000.0,34405000000.0,1.149,-8.757,-4230000000.0,731000000.0,731000000.0,32594000000.0,3662000000.0,1.569,-15.572,36358000000.0,162000000.0,36196000000.0,36358000000.0,0.0,2651000000.0,0.0,0.018,1.63,5770000000.0,8421000000.0,0.163,8421000000.0,5770000000.0,3979000000.0,8.96,8.79,8.96,-2962000000.0,-3309250000.0,-2962000000.0,65007692905.0,11.0,7.72,3773000000.0,11.155,1.0,19086000000.0,0.369,8587000000.0,1791000000.0,65442000000.0,64099750000.0,1953000000.0,563000000.0,0.0,563000000.0,46124000000.0,7019000000.0,39105000000.0,30407692905.0,200000000.0,-470000000.0,-1194000000.0,-616000000.0,-561000000.0,-3096000000.0,-4700000000.0,-12000000.0,8003000000.0,-7000000.0,3047000000.0,3047000000.0,3047000000.0,0.0,615000000.0,0.059,12260000000.0,6826000000.0,2750000000.0,0.182,-10.266,9.98,10.028,24813000000.0,0.0,89.85,0.588,0.588,6890000000.0,-2394000000.0,51680000000.0,51680000000.0,0.0,0.068,-0.921,0.09,0.112,367000000.0,0.0,1.0,338427300.0,338242000,344096000.0,152.79,36834000000.0,0.0,932000000.0,1477000000.0,108.898,3997000000.0
6,HCA,MRT,2019-12-31,2019-12-31,2019-12-31,2021-08-02,-460000000.0,45058000000.0,44449500000.0,11196000000.0,33862000000.0,1.155,-8.23,-4158000000.0,621000000.0,621000000.0,32041000000.0,4145000000.0,1.443,-16.248,35221000000.0,145000000.0,35076000000.0,35221000000.0,0.0,2596000000.0,0.0,0.011,1.6,6428000000.0,9024000000.0,0.176,9024000000.0,6428000000.0,4604000000.0,10.27,10.07,10.27,-2808000000.0,-3657250000.0,-2808000000.0,85259944523.0,13.0,9.448,3444000000.0,10.093,1.0,19295000000.0,0.376,8269000000.0,1824000000.0,63632000000.0,62856000000.0,1849000000.0,564000000.0,0.0,564000000.0,45623000000.0,7757000000.0,37866000000.0,50133944523.0,119000000.0,-1621000000.0,-1031000000.0,494000000.0,-550000000.0,-1771000000.0,-5720000000.0,25000000.0,7602000000.0,8000000.0,3505000000.0,3505000000.0,3505000000.0,0.0,640000000.0,0.068,12077000000.0,7218000000.0,2905000000.0,0.156,-17.854,14.304,14.392,24549000000.0,0.0,147.81,0.977,0.982,7380000000.0,-2351000000.0,51336000000.0,51336000000.0,0.0,0.079,-0.958,0.102,0.125,347000000.0,0.0,1.0,339178300.0,341210000,348226000.0,150.453,36789000000.0,0.0,1099000000.0,1420000000.0,107.819,3439000000.0
7,HCA,MRT,2019-09-30,2019-09-30,2019-09-30,2021-08-02,-461000000.0,43912000000.0,42986750000.0,10769000000.0,33143000000.0,1.165,-10.461,-4037000000.0,559000000.0,559000000.0,31191000000.0,4117000000.0,1.512,-12.723,35685000000.0,148000000.0,35537000000.0,35685000000.0,0.0,2483000000.0,0.0,0.013,1.55,6339000000.0,8822000000.0,0.176,8822000000.0,6339000000.0,4507000000.0,10.2,9.99,10.2,-3565000000.0,-4192750000.0,-3565000000.0,76284148776.0,12.0,8.647,3235000000.0,9.493,1.0,18896000000.0,0.377,8160000000.0,1832000000.0,63754000000.0,60949000000.0,1769000000.0,600000000.0,0.0,600000000.0,45359000000.0,7124000000.0,38235000000.0,41061148776.0,-19000000.0,-1734000000.0,-1094000000.0,698000000.0,-535000000.0,-1622000000.0,-5661000000.0,27000000.0,7272000000.0,-8000000.0,3498000000.0,3498000000.0,3498000000.0,0.0,619000000.0,0.07,11779000000.0,7117000000.0,2610000000.0,0.152,-11.518,11.738,11.806,23772000000.0,0.0,120.42,0.82,0.819,7131000000.0,-3107000000.0,50087000000.0,50087000000.0,0.0,0.081,-0.834,0.104,0.127,327000000.0,0.0,1.0,340982800.0,340789000,347487000.0,146.974,35752000000.0,0.0,1009000000.0,1349000000.0,104.909,3645000000.0
8,HCA,MRT,2019-06-30,2019-06-30,2019-06-30,2021-08-02,-431000000.0,45449000000.0,41519750000.0,12869000000.0,32580000000.0,1.176,-11.404,-3744000000.0,2430000000.0,2430000000.0,30397000000.0,4249000000.0,1.436,-12.101,37653000000.0,2073000000.0,35580000000.0,37653000000.0,0.0,2418000000.0,0.0,0.011,1.5,6438000000.0,8856000000.0,0.181,8856000000.0,6438000000.0,4612000000.0,10.6,10.38,10.6,-3902000000.0,-4702750000.0,-3902000000.0,82047691258.0,13.0,9.265,3123000000.0,9.127,1.0,18447000000.0,0.378,8140000000.0,1826000000.0,63571000000.0,59156250000.0,1826000000.0,589000000.0,0.0,589000000.0,47219000000.0,8961000000.0,38258000000.0,46269691258.0,1562000000.0,-2169000000.0,-1157000000.0,2774000000.0,-520000000.0,403000000.0,-5699000000.0,93000000.0,6867000000.0,-9000000.0,3645000000.0,3645000000.0,3645000000.0,0.0,604000000.0,0.075,11459000000.0,6988000000.0,2609000000.0,0.142,-11.858,12.694,12.752,23254000000.0,0.0,135.17,0.947,0.947,7219000000.0,-3474000000.0,48844000000.0,48844000000.0,0.0,0.088,-0.775,0.109,0.132,292000000.0,0.0,1.0,342307400.0,342170000,348373000.0,142.748,37309000000.0,0.0,967000000.0,1324000000.0,109.036,3908000000.0
9,HCA,MRT,2019-03-31,2019-03-31,2019-03-31,2021-08-02,-374000000.0,43379000000.0,39593000000.0,11108000000.0,32271000000.0,1.207,-12.698,-3660000000.0,531000000.0,531000000.0,29633000000.0,4288000000.0,1.055,-10.481,36309000000.0,3796000000.0,32513000000.0,36309000000.0,0.0,2344000000.0,0.0,0.011,1.45,6435000000.0,8779000000.0,0.184,8779000000.0,6435000000.0,4650000000.0,10.66,10.44,10.66,-4354000000.0,-5224500000.0,-4354000000.0,76958074146.0,12.0,8.766,2792000000.0,8.143,1.0,18138000000.0,0.38,8159000000.0,1785000000.0,60467000000.0,57009000000.0,1778000000.0,584000000.0,0.0,584000000.0,45634000000.0,10531000000.0,35103000000.0,44639074146.0,-555000000.0,-2277000000.0,-1385000000.0,1302000000.0,-505000000.0,-1248000000.0,-5731000000.0,82000000.0,6452000000.0,-28000000.0,3682000000.0,3682000000.0,3682000000.0,0.0,606000000.0,0.077,11141000000.0,6997000000.0,2693000000.0,0.136,-10.252,12.124,12.231,22940000000.0,0.0,130.38,0.934,0.936,7420000000.0,-3983000000.0,47771000000.0,47771000000.0,0.0,0.093,-0.705,0.113,0.135,270000000.0,0.0,1.0,342376700.0,342876000,350316000.0,139.324,35220000000.0,0.0,968000000.0,1277000000.0,102.719,577000000.0
10,HCA,MRT,2018-12-31,2018-12-31,2018-12-31,2021-08-02,-381000000.0,39207000000.0,38073000000.0,10213000000.0,28994000000.0,1.226,-14.253,-3573000000.0,502000000.0,502000000.0,29149000000.0,4389000000.0,1.349,-8.51,32821000000.0,788000000.0,32033000000.0,32821000000.0,0.0,2278000000.0,0.0,0.011,1.4,6488000000.0,8766000000.0,0.188,8766000000.0,6488000000.0,4733000000.0,10.9,10.66,10.9,-4950000000.0,-5697000000.0,-4950000000.0,75359774225.0,12.0,8.597,3188000000.0,9.179,1.0,17528000000.0,0.376,7953000000.0,1755000000.0,56004000000.0,55531000000.0,1732000000.0,594000000.0,0.0,594000000.0,42125000000.0,7569000000.0,34556000000.0,42830774225.0,-230000000.0,-445000000.0,-1530000000.0,-369000000.0,-487000000.0,-3075000000.0,-3901000000.0,57000000.0,6761000000.0,-15000000.0,3787000000.0,3787000000.0,3787000000.0,0.0,602000000.0,0.081,10886000000.0,6642000000.0,2577000000.0,0.128,-8.653,11.31,11.417,19757000000.0,0.0,124.45,0.918,0.926,6789000000.0,-4572000000.0,46677000000.0,46677000000.0,0.0,0.099,-0.665,0.117,0.139,268000000.0,0.0,1.0,344160500.0,347297000,355303000.0,134.401,31254000000.0,0.0,946000000.0,1248000000.0,89.992,2644000000.0
11,HCA,MRT,2018-09-30,2018-09-30,2018-09-30,2021-08-02,-266000000.0,38044000000.0,37419500000.0,10010000000.0,28034000000.0,1.228,-16.208,-3402000000.0,578000000.0,578000000.0,28790000000.0,3785000000.0,1.606,-7.453,33107000000.0,191000000.0,32916000000.0,33107000000.0,0.0,2247000000.0,0.0,0.008,1.05,6377000000.0,8624000000.0,0.188,8624000000.0,6377000000.0,4635000000.0,9.16,8.95,9.16,-5605000000.0,-6161000000.0,-5605000000.0,80465919520.0,13.0,9.33,2918000000.0,8.438,1.0,17175000000.0,0.374,7759000000.0,1742000000.0,56583000000.0,55371750000.0,1634000000.0,605000000.0,0.0,605000000.0,41774000000.0,6231000000.0,35543000000.0,48141919520.0,-140000000.0,-323000000.0,-1771000000.0,50000000.0,-366000000.0,-2727000000.0,-3722000000.0,7000000.0,6320000000.0,-11000000.0,3197000000.0,3197000000.0,3197000000.0,0.0,588000000.0,0.07,10653000000.0,6522000000.0,2414000000.0,0.115,-8.589,15.058,15.188,19041000000.0,0.0,139.12,1.047,1.047,6532000000.0,-5342000000.0,45965000000.0,45965000000.0,0.0,0.085,-0.519,0.115,0.139,279000000.0,0.0,1.0,346046000.0,345823000,353639000.0,132.915,30285000000.0,0.0,1438000000.0,1388000000.0,87.574,3779000000.0
12,HCA,MRT,2018-06-30,2018-06-30,2018-06-30,2021-08-02,-261000000.0,37742000000.0,36841250000.0,10394000000.0,27348000000.0,1.227,-17.179,-3285000000.0,868000000.0,868000000.0,28381000000.0,3419000000.0,1.363,-6.991,33192000000.0,1692000000.0,31500000000.0,33192000000.0,0.0,2204000000.0,0.0,0.007,0.7,6104000000.0,8308000000.0,0.184,8308000000.0,6104000000.0,4377000000.0,8.14,7.95,8.14,-5989000000.0,-6454750000.0,-5989000000.0,68043097920.0,11.0,8.19,2322000000.0,6.661,1.0,16829000000.0,0.372,7459000000.0,1727000000.0,54982000000.0,54975500000.0,1636000000.0,648000000.0,0.0,648000000.0,41867000000.0,7625000000.0,34242000000.0,35838097920.0,163000000.0,-645000000.0,-1978000000.0,1368000000.0,-245000000.0,-1435000000.0,-4003000000.0,-39000000.0,5607000000.0,-6000000.0,2864000000.0,2864000000.0,2864000000.0,0.0,555000000.0,0.063,10588000000.0,6241000000.0,2457000000.0,0.086,-5.984,12.513,12.604,18544000000.0,0.0,102.6,0.793,0.791,6592000000.0,-5731000000.0,45210000000.0,45210000000.0,0.0,0.078,-0.444,0.111,0.135,264000000.0,0.0,1.0,349299200.0,348615000,355039000.0,129.685,30283000000.0,0.0,1513000000.0,1459000000.0,86.867,2769000000.0
13,HCA,MRT,2018-03-31,2018-03-31,2018-03-31,2021-08-02,-197000000.0,37299000000.0,36047250000.0,10391000000.0,26908000000.0,1.232,-17.797,-3138000000.0,1086000000.0,1086000000.0,27881000000.0,3248000000.0,1.39,-6.684,33291000000.0,1697000000.0,31594000000.0,33291000000.0,0.0,2163000000.0,0.0,0.004,0.35,6009000000.0,8172000000.0,0.184,8172000000.0,6009000000.0,4307000000.0,7.58,7.39,7.58,-6244000000.0,-6655500000.0,-6244000000.0,66266658900.0,11.0,8.109,2291000000.0,6.53,1.0,16533000000.0,0.372,7471000000.0,1702000000.0,54555000000.0,54475000000.0,1677000000.0,648000000.0,0.0,648000000.0,41733000000.0,7478000000.0,34255000000.0,33940658900.0,333000000.0,-713000000.0,-2050000000.0,1586000000.0,-123000000.0,-1168000000.0,-3945000000.0,-43000000.0,5429000000.0,17000000.0,2701000000.0,2701000000.0,2701000000.0,0.0,547000000.0,0.061,10394000000.0,6139000000.0,2538000000.0,0.046,-5.436,12.566,12.797,18124000000.0,0.0,97.0,0.764,0.766,6332000000.0,-6051000000.0,44414000000.0,44414000000.0,0.0,0.075,-0.406,0.11,0.135,257000000.0,0.0,1.0,349903700.0,350850000,359749000.0,126.59,29828000000.0,0.0,1606000000.0,1417000000.0,85.016,2913000000.0
14,HCA,MRT,2017-12-31,2017-12-31,2017-12-31,2021-08-02,-278000000.0,36593000000.0,35171250000.0,9977000000.0,26616000000.0,1.24,-18.785,-3015000000.0,732000000.0,732000000.0,27375000000.0,2743000000.0,1.62,-6.11,33058000000.0,200000000.0,32858000000.0,33058000000.0,0.0,2131000000.0,0.0,0.0,0.0,5544000000.0,7675000000.0,0.176,7675000000.0,5544000000.0,3854000000.0,6.12,5.95,6.12,-6806000000.0,-6848750000.0,-6806000000.0,63334971600.0,11.0,8.252,2411000000.0,6.655,1.0,16239000000.0,0.372,7394000000.0,1690000000.0,55367000000.0,53921000000.0,1573000000.0,617000000.0,0.0,617000000.0,41588000000.0,6158000000.0,35430000000.0,31099971600.0,86000000.0,-1187000000.0,-2051000000.0,1483000000.0,0.0,-1061000000.0,-4279000000.0,-73000000.0,5426000000.0,0.0,2216000000.0,2216000000.0,2216000000.0,0.0,527000000.0,0.051,10182000000.0,6057000000.0,2606000000.0,0.0,-4.569,14.034,14.353,17895000000.0,0.0,87.84,0.713,0.73,6501000000.0,-6532000000.0,43614000000.0,43614000000.0,0.0,0.063,-0.324,0.103,0.127,270000000.0,0.0,1.0,354052500.0,362305000,372221000.0,120.379,29199000000.0,0.0,1638000000.0,1374000000.0,80.592,3819000000.0
15,HCA,MRT,2017-09-30,2017-09-30,2017-09-30,2021-08-02,-268000000.0,35731000000.0,34462500000.0,9448000000.0,26283000000.0,1.239,-18.824,-2909000000.0,718000000.0,718000000.0,26813000000.0,3187000000.0,1.684,-6.017,32953000000.0,202000000.0,32751000000.0,32953000000.0,0.0,2084000000.0,0.0,0.0,0.0,5733000000.0,7817000000.0,0.183,7817000000.0,5733000000.0,4044000000.0,7.19,7.01,7.19,-6780000000.0,-6972750000.0,-6780000000.0,59707863623.0,10.0,7.638,2482000000.0,6.891,1.0,15880000000.0,0.372,7357000000.0,1689000000.0,54998000000.0,53066750000.0,1546000000.0,569000000.0,0.0,569000000.0,40797000000.0,5611000000.0,35186000000.0,28751863623.0,41000000.0,-1223000000.0,-2013000000.0,1336000000.0,0.0,-1172000000.0,-4178000000.0,-29000000.0,5391000000.0,0.0,2662000000.0,2662000000.0,2662000000.0,0.0,525000000.0,0.062,9654000000.0,6226000000.0,2314000000.0,0.0,-4.241,10.801,11.07,17329000000.0,0.0,79.59,0.673,0.671,5980000000.0,-6516000000.0,42693000000.0,42693000000.0,0.0,0.077,-0.382,0.108,0.134,250000000.0,0.0,1.0,361249700.0,360170000,369834000.0,118.536,28374000000.0,0.0,1382000000.0,1256000000.0,78.779,3837000000.0
16,HCA,MRT,2017-06-30,2017-06-30,2017-06-30,2021-08-02,-293000000.0,34566000000.0,33811500000.0,9337000000.0,25229000000.0,1.25,-18.565,-2892000000.0,705000000.0,705000000.0,26394000000.0,3402000000.0,1.618,-5.837,31661000000.0,213000000.0,31448000000.0,31661000000.0,0.0,2040000000.0,0.0,0.0,0.0,5955000000.0,7995000000.0,0.189,7995000000.0,5955000000.0,4261000000.0,7.64,7.45,7.64,-6792000000.0,-7218500000.0,-6792000000.0,62755081120.0,11.0,7.849,2697000000.0,7.372,1.0,15873000000.0,0.376,6771000000.0,1694000000.0,52980000000.0,52328500000.0,1544000000.0,549000000.0,0.0,549000000.0,39645000000.0,5771000000.0,33874000000.0,31994081120.0,14000000.0,-415000000.0,-1859000000.0,86000000.0,0.0,-2299000000.0,-3276000000.0,35000000.0,5589000000.0,0.0,2854000000.0,2854000000.0,2854000000.0,0.0,548000000.0,0.068,9442000000.0,6431000000.0,2245000000.0,0.0,-4.711,11.21,11.414,16768000000.0,0.0,87.2,0.757,0.755,5782000000.0,-6503000000.0,42267000000.0,42267000000.0,0.0,0.084,-0.395,0.114,0.141,262000000.0,0.0,1.0,366904600.0,365847000,375338000.0,115.532,27795000000.0,0.0,1407000000.0,1282000000.0,75.974,3566000000.0
17,HCA,MRT,2017-03-31,2017-03-31,2017-03-31,2021-08-02,-320000000.0,33795000000.0,33471250000.0,9037000000.0,24758000000.0,1.25,-18.95,-2822000000.0,753000000.0,753000000.0,26112000000.0,3398000000.0,1.654,-5.58,31514000000.0,212000000.0,31302000000.0,31514000000.0,0.0,2008000000.0,0.0,0.0,0.0,5948000000.0,7956000000.0,0.19,7956000000.0,5948000000.0,4238000000.0,7.55,7.35,7.55,-7017000000.0,-7547250000.0,-7017000000.0,63669915470.0,11.0,8.003,2712000000.0,7.324,1.0,15741000000.0,0.376,6754000000.0,1710000000.0,52339000000.0,52052500000.0,1501000000.0,543000000.0,0.0,543000000.0,39152000000.0,5463000000.0,33689000000.0,32939915470.0,-99000000.0,-631000000.0,-2554000000.0,853000000.0,0.0,-2220000000.0,-3413000000.0,34000000.0,5534000000.0,0.0,2855000000.0,2855000000.0,2855000000.0,0.0,543000000.0,0.068,9323000000.0,6418000000.0,2233000000.0,0.0,-4.694,11.538,11.787,16462000000.0,0.0,88.99,0.787,0.787,5664000000.0,-6701000000.0,41853000000.0,41853000000.0,0.0,0.085,-0.378,0.114,0.142,259000000.0,0.0,1.0,370153000.0,370289000,379980000.0,113.028,27041000000.0,0.0,1383000000.0,1253000000.0,73.027,3574000000.0
18,HCA,MRT,2016-12-31,2016-12-31,2016-12-31,2021-08-02,-338000000.0,33758000000.0,33216500000.0,9086000000.0,24672000000.0,1.249,-19.036,-2760000000.0,646000000.0,646000000.0,25830000000.0,3432000000.0,1.557,-5.395,31376000000.0,216000000.0,31160000000.0,31376000000.0,0.0,1966000000.0,0.0,0.0,0.0,5975000000.0,7941000000.0,0.191,7941000000.0,5975000000.0,4268000000.0,7.53,7.3,7.53,-7302000000.0,-7682000000.0,-7302000000.0,58498235514.0,10.0,7.367,2893000000.0,7.542,1.0,15660000000.0,0.377,6704000000.0,1707000000.0,51950000000.0,51559500000.0,1503000000.0,542000000.0,0.0,542000000.0,39391000000.0,5834000000.0,33557000000.0,27734235514.0,-95000000.0,-550000000.0,-2751000000.0,775000000.0,0.0,-2508000000.0,-3240000000.0,64000000.0,5653000000.0,0.0,2890000000.0,2890000000.0,2890000000.0,0.0,542000000.0,0.07,9216000000.0,6444000000.0,2318000000.0,0.0,-3.798,9.597,9.83,16352000000.0,0.0,74.02,0.668,0.684,5826000000.0,-6968000000.0,41490000000.0,41490000000.0,0.0,0.087,-0.376,0.116,0.144,251000000.0,0.0,1.0,374685700.0,383591000,395851000.0,108.162,27054000000.0,0.0,1378000000.0,1249000000.0,70.528,3252000000.0
19,HCA,MRT,2016-09-30,2016-09-30,2016-09-30,2021-08-02,-341000000.0,33127000000.0,32963000000.0,8843000000.0,24284000000.0,1.247,-20.526,-2688000000.0,677000000.0,677000000.0,25556000000.0,3085000000.0,1.715,-5.061,31441000000.0,216000000.0,31225000000.0,31441000000.0,0.0,1943000000.0,0.0,0.0,0.0,5449000000.0,7392000000.0,0.18,7392000000.0,5449000000.0,3764000000.0,6.51,6.32,6.51,-7763000000.0,-7756250000.0,-7763000000.0,59398012106.0,11.0,8.035,2824000000.0,7.467,1.0,15542000000.0,0.378,6691000000.0,1685000000.0,52045000000.0,51133000000.0,1503000000.0,570000000.0,0.0,570000000.0,39290000000.0,5155000000.0,34135000000.0,28637012106.0,89000000.0,-566000000.0,-3224000000.0,1552000000.0,0.0,-2237000000.0,-3186000000.0,47000000.0,5512000000.0,0.0,2552000000.0,2552000000.0,2552000000.0,0.0,533000000.0,0.062,9553000000.0,5989000000.0,1950000000.0,0.0,-3.689,11.221,11.618,15875000000.0,0.0,75.63,0.697,0.696,5503000000.0,-7426000000.0,41098000000.0,41098000000.0,0.0,0.077,-0.329,0.107,0.133,264000000.0,0.0,1.0,378646200.0,378199000,389592000.0,108.668,26436000000.0,0.0,1212000000.0,1746000000.0,69.9,3688000000.0
20,HCA,MRT,2016-06-30,2016-06-30,2016-06-30,2021-08-02,-344000000.0,33205000000.0,32655250000.0,9095000000.0,24110000000.0,1.246,-20.981,-2543000000.0,691000000.0,691000000.0,25380000000.0,2913000000.0,1.686,-4.897,31452000000.0,224000000.0,31228000000.0,31452000000.0,0.0,1930000000.0,0.0,0.0,0.0,5256000000.0,7186000000.0,0.177,7186000000.0,5256000000.0,3592000000.0,5.96,5.78,5.96,-8107000000.0,-7639000000.0,-8107000000.0,59817060839.0,11.0,8.324,2864000000.0,7.412,1.0,15304000000.0,0.376,6694000000.0,1664000000.0,51876000000.0,50173500000.0,1481000000.0,542000000.0,0.0,542000000.0,39703000000.0,5396000000.0,34307000000.0,30115060839.0,18000000.0,-621000000.0,-3315000000.0,1568000000.0,0.0,-2260000000.0,-3129000000.0,14000000.0,5407000000.0,0.0,2383000000.0,2383000000.0,2383000000.0,0.0,530000000.0,0.059,9506000000.0,5798000000.0,1934000000.0,0.0,-3.715,12.637,12.921,15624000000.0,0.0,77.01,0.74,0.731,5669000000.0,-7767000000.0,40684000000.0,40684000000.0,0.0,0.073,-0.312,0.105,0.129,265000000.0,0.0,1.0,391053900.0,386406000,398659000.0,105.288,26511000000.0,0.0,1209000000.0,1953000000.0,68.609,3699000000.0
21,HCA,MRT,2016-03-31,2016-03-31,2016-03-31,2021-08-02,-294000000.0,32776000000.0,32281500000.0,9201000000.0,23575000000.0,1.247,-19.062,-2438000000.0,852000000.0,852000000.0,25133000000.0,2787000000.0,1.705,-5.132,30554000000.0,226000000.0,30328000000.0,30554000000.0,0.0,1910000000.0,0.0,0.0,0.0,5081000000.0,6991000000.0,0.174,6991000000.0,5081000000.0,3419000000.0,5.48,5.31,5.48,-7556000000.0,-7463750000.0,-7556000000.0,60729603120.0,12.0,8.687,2677000000.0,6.753,1.0,15129000000.0,0.376,6713000000.0,1662000000.0,50367000000.0,49199500000.0,1415000000.0,599000000.0,0.0,599000000.0,38775000000.0,5398000000.0,33377000000.0,30982603120.0,266000000.0,-270000000.0,-2652000000.0,827000000.0,0.0,-2202000000.0,-2647000000.0,52000000.0,5115000000.0,0.0,2232000000.0,2232000000.0,2232000000.0,0.0,555000000.0,0.055,9363000000.0,5766000000.0,1944000000.0,0.0,-4.1,13.881,14.243,15057000000.0,0.0,78.05,0.77,0.768,5880000000.0,-7266000000.0,40262000000.0,40262000000.0,0.0,0.069,-0.299,0.103,0.126,256000000.0,0.0,1.0,396958400.0,396397000,410575000.0,101.57,26063000000.0,0.0,1187000000.0,1933000000.0,65.75,3803000000.0
22,HCA,MRT,2015-12-31,2015-12-31,2015-12-31,2021-08-02,-265000000.0,32744000000.0,31909500000.0,9232000000.0,23512000000.0,1.243,-18.347,-2375000000.0,741000000.0,741000000.0,24753000000.0,2696000000.0,1.674,-5.105,30488000000.0,233000000.0,30255000000.0,30488000000.0,0.0,1904000000.0,0.0,0.0,0.0,5055000000.0,6959000000.0,0.175,6959000000.0,5055000000.0,3390000000.0,5.14,4.99,5.14,-7599000000.0,-7479750000.0,-7599000000.0,56734566551.0,11.0,8.153,2359000000.0,5.695,1.0,14925000000.0,0.376,6731000000.0,1665000000.0,50244000000.0,48247250000.0,1439000000.0,610000000.0,0.0,610000000.0,38790000000.0,5516000000.0,33274000000.0,27570566551.0,175000000.0,-278000000.0,-2397000000.0,728000000.0,0.0,-1976000000.0,-2583000000.0,63000000.0,4734000000.0,0.0,2129000000.0,2129000000.0,2129000000.0,0.0,567000000.0,0.054,9209000000.0,5716000000.0,2170000000.0,0.0,-3.628,12.95,13.158,15014000000.0,0.0,67.63,0.695,0.706,5889000000.0,-7338000000.0,39678000000.0,39678000000.0,0.0,0.067,-0.285,0.105,0.127,239000000.0,0.0,1.0,407667700.0,414193000,426721000.0,95.796,26013000000.0,0.0,1261000000.0,1904000000.0,62.804,3716000000.0
23,HCA,MRT,2015-09-30,2015-09-30,2015-09-30,2021-08-02,-309000000.0,31896000000.0,31468500000.0,9221000000.0,22675000000.0,1.241,-17.578,-2265000000.0,588000000.0,588000000.0,24402000000.0,2634000000.0,1.461,-5.17,29752000000.0,1377000000.0,28375000000.0,29752000000.0,0.0,1883000000.0,0.0,0.0,0.0,4997000000.0,6880000000.0,0.176,6880000000.0,4997000000.0,3313000000.0,4.93,4.77,4.93,-7294000000.0,-7553500000.0,-7294000000.0,61183253120.0,12.0,8.893,2538000000.0,6.117,1.0,14663000000.0,0.375,6540000000.0,1684000000.0,48207000000.0,47672250000.0,1379000000.0,595000000.0,0.0,595000000.0,37708000000.0,6313000000.0,31395000000.0,32119253120.0,73000000.0,-813000000.0,-2386000000.0,979000000.0,0.0,-1693000000.0,-3037000000.0,35000000.0,4803000000.0,0.0,2074000000.0,2074000000.0,2074000000.0,0.0,560000000.0,0.053,9006000000.0,5657000000.0,1877000000.0,0.0,-4.404,15.487,15.692,14704000000.0,0.0,77.36,0.822,0.822,5827000000.0,-6989000000.0,39065000000.0,39065000000.0,0.0,0.066,-0.275,0.105,0.128,216000000.0,0.0,1.0,415192000.0,414939000,426441000.0,94.146,25356000000.0,412000000.0,1239000000.0,1903000000.0,61.108,2908000000.0
24,HCA,MRT,2015-06-30,2015-06-30,2015-06-30,2021-08-02,-290000000.0,31710000000.0,30950750000.0,9293000000.0,22417000000.0,1.242,-17.785,-2267000000.0,673000000.0,673000000.0,23889000000.0,2672000000.0,1.473,-5.086,29737000000.0,1374000000.0,28363000000.0,29737000000.0,0.0,1861000000.0,0.0,0.0,0.0,5130000000.0,6991000000.0,0.182,6991000000.0,5130000000.0,3430000000.0,5.05,4.88,5.05,-7406000000.0,-7576000000.0,-7406000000.0,66444155760.0,13.0,9.504,2563000000.0,6.155,1.0,14540000000.0,0.378,6484000000.0,1700000000.0,47980000000.0,47182750000.0,1348000000.0,586000000.0,0.0,586000000.0,37665000000.0,6310000000.0,31355000000.0,37587155760.0,15000000.0,-793000000.0,-1940000000.0,465000000.0,0.0,-1752000000.0,-3063000000.0,-13000000.0,4830000000.0,0.0,2143000000.0,2143000000.0,2143000000.0,0.0,529000000.0,0.056,8799000000.0,5741000000.0,1884000000.0,0.0,-5.075,17.54,17.964,14560000000.0,0.0,90.72,0.978,0.983,5804000000.0,-7120000000.0,38429000000.0,38429000000.0,0.0,0.069,-0.283,0.109,0.133,189000000.0,0.0,1.0,414320500.0,416407000,429369000.0,92.287,25226000000.0,376000000.0,1287000000.0,1860000000.0,60.58,2983000000.0
25,HCA,MRT,2015-03-31,2015-03-31,2015-03-31,2021-08-02,-344000000.0,31288000000.0,30478750000.0,9130000000.0,22158000000.0,1.239,-18.136,-2222000000.0,586000000.0,586000000.0,23357000000.0,2639000000.0,1.273,-4.923,29443000000.0,2037000000.0,27406000000.0,29443000000.0,0.0,1846000000.0,0.0,0.0,0.0,5061000000.0,6907000000.0,0.183,6907000000.0,5061000000.0,3359000000.0,4.93,4.77,4.93,-7620000000.0,-7722000000.0,-7620000000.0,60718970095.0,12.0,8.791,2801000000.0,6.667,1.0,14405000000.0,0.381,6415000000.0,1702000000.0,46558000000.0,46774750000.0,1287000000.0,616000000.0,0.0,616000000.0,37510000000.0,7172000000.0,30338000000.0,31639970095.0,-264000000.0,-732000000.0,-2116000000.0,171000000.0,7000000.0,-2346000000.0,-2941000000.0,-2000000.0,5023000000.0,0.0,2119000000.0,2119000000.0,2119000000.0,0.0,520000000.0,0.056,8673000000.0,5732000000.0,1973000000.0,0.0,-4.152,14.932,15.26,14392000000.0,0.0,75.23,0.838,0.837,5928000000.0,-7280000000.0,37762000000.0,37762000000.0,0.0,0.07,-0.274,0.108,0.134,174000000.0,0.0,1.0,420576500.0,420148000,435309000.0,89.878,24873000000.0,304000000.0,1240000000.0,1837000000.0,59.201,1958000000.0
26,HCA,MRT,2014-12-31,2014-12-31,2014-12-31,2021-08-02,-323000000.0,30980000000.0,30109000000.0,8930000000.0,22050000000.0,1.226,-18.119,-2176000000.0,566000000.0,566000000.0,22903000000.0,2373000000.0,1.63,-4.748,29426000000.0,338000000.0,29088000000.0,29426000000.0,0.0,1820000000.0,0.0,0.0,0.0,4726000000.0,6546000000.0,0.177,6546000000.0,4726000000.0,2983000000.0,4.3,4.16,4.3,-7894000000.0,-7774000000.0,-7894000000.0,59774247282.0,13.0,9.131,2272000000.0,5.215,1.0,14015000000.0,0.38,6416000000.0,1743000000.0,47944000000.0,46655750000.0,1279000000.0,659000000.0,0.0,659000000.0,37478000000.0,5480000000.0,31998000000.0,31819247282.0,152000000.0,-715000000.0,-1750000000.0,705000000.0,0.0,-1378000000.0,-2918000000.0,-37000000.0,4448000000.0,0.0,1875000000.0,1875000000.0,1875000000.0,0.0,498000000.0,0.051,8653000000.0,5362000000.0,2035000000.0,0.0,-4.031,16.97,17.067,14355000000.0,0.0,73.39,0.862,0.866,5694000000.0,-7575000000.0,36918000000.0,36918000000.0,0.0,0.062,-0.241,0.101,0.128,163000000.0,0.0,1.0,433563800.0,435668000,450352000.0,84.739,24564000000.0,366000000.0,1108000000.0,1832000000.0,56.382,3450000000.0
27,HCA,MRT,2014-09-30,2014-09-30,2014-09-30,2021-08-02,-206000000.0,29825000000.0,29571750000.0,8527000000.0,21298000000.0,1.221,-17.068,-2078000000.0,515000000.0,515000000.0,22491000000.0,2251000000.0,1.514,-4.854,28470000000.0,1044000000.0,27426000000.0,28470000000.0,0.0,1822000000.0,0.0,0.0,0.0,4604000000.0,6426000000.0,0.178,6426000000.0,4604000000.0,2834000000.0,4.04,3.92,4.04,-7384000000.0,-7868000000.0,-7384000000.0,58821797252.0,13.0,9.154,1969000000.0,4.551,1.0,13627000000.0,0.377,5899000000.0,1770000000.0,46249000000.0,45968500000.0,1258000000.0,608000000.0,0.0,608000000.0,35843000000.0,5632000000.0,30211000000.0,30491797252.0,31000000.0,-75000000.0,-1250000000.0,-254000000.0,13000000.0,-1832000000.0,-2184000000.0,-39000000.0,4047000000.0,0.0,1772000000.0,1772000000.0,1772000000.0,0.0,479000000.0,0.049,8520000000.0,5107000000.0,1787000000.0,0.0,-4.129,17.208,17.455,13878000000.0,0.0,70.52,0.844,0.845,5524000000.0,-8054000000.0,36118000000.0,36118000000.0,0.0,0.06,-0.225,0.1,0.127,150000000.0,0.0,1.0,432385100.0,432617000,447260000.0,83.487,23926000000.0,320000000.0,1062000000.0,1740000000.0,55.305,2895000000.0
28,HCA,MRT,2014-06-30,2014-06-30,2014-06-30,2021-08-02,-199000000.0,29822000000.0,29213750000.0,8772000000.0,21050000000.0,1.21,-18.207,-1960000000.0,658000000.0,658000000.0,22114000000.0,2107000000.0,1.488,-4.557,28988000000.0,1046000000.0,27942000000.0,28988000000.0,0.0,1805000000.0,0.0,0.0,0.0,4398000000.0,6203000000.0,0.175,6203000000.0,4398000000.0,2597000000.0,3.66,3.55,3.66,-7990000000.0,-8116000000.0,-7990000000.0,53141320406.0,12.0,8.567,1859000000.0,4.236,1.0,13240000000.0,0.374,5909000000.0,1801000000.0,46348000000.0,45665000000.0,1211000000.0,576000000.0,0.0,576000000.0,36410000000.0,5895000000.0,30515000000.0,25067320406.0,196000000.0,-451000000.0,-1250000000.0,407000000.0,10000000.0,-1203000000.0,-2420000000.0,-23000000.0,3819000000.0,0.0,1619000000.0,1619000000.0,1619000000.0,0.0,488000000.0,0.046,8379000000.0,4861000000.0,1717000000.0,0.0,-3.137,15.483,15.404,13721000000.0,0.0,56.38,0.709,0.7,5472000000.0,-8572000000.0,35354000000.0,35354000000.0,0.0,0.055,-0.199,0.096,0.124,139000000.0,0.0,1.0,444613700.0,438833000,453009000.0,80.564,23913000000.0,500000000.0,978000000.0,1554000000.0,54.492,2877000000.0
29,HCA,MRT,2014-03-31,2014-03-31,2014-03-31,2021-08-02,-232000000.0,29809000000.0,28741750000.0,8877000000.0,20932000000.0,1.203,-17.704,-1939000000.0,850000000.0,850000000.0,21802000000.0,2012000000.0,1.507,-4.634,28924000000.0,1041000000.0,27883000000.0,28924000000.0,0.0,1776000000.0,0.0,0.0,0.0,4370000000.0,6146000000.0,0.178,6146000000.0,4370000000.0,2534000000.0,3.51,3.39,3.51,-7828000000.0,-8324250000.0,-7828000000.0,51088922000.0,12.0,8.313,1444000000.0,3.266,1.0,12772000000.0,0.369,5910000000.0,1836000000.0,46082000000.0,45107500000.0,1187000000.0,595000000.0,0.0,595000000.0,36276000000.0,5891000000.0,30385000000.0,23126922000.0,256000000.0,-423000000.0,-500000000.0,126000000.0,3000000.0,-745000000.0,-2382000000.0,-28000000.0,3383000000.0,0.0,1559000000.0,1559000000.0,1559000000.0,0.0,453000000.0,0.045,8213000000.0,4559000000.0,1735000000.0,0.0,-2.954,14.834,14.957,13612000000.0,0.0,52.5,0.669,0.671,5489000000.0,-9055000000.0,34574000000.0,34574000000.0,0.0,0.054,-0.187,0.097,0.126,127000000.0,0.0,1.0,440512800.0,442150000,457449000.0,78.195,23899000000.0,492000000.0,975000000.0,1524000000.0,54.052,2986000000.0
30,HCA,MRT,2013-12-31,2013-12-31,2013-12-31,2021-08-02,-257000000.0,28831000000.0,28260000000.0,8037000000.0,20794000000.0,1.21,-18.582,-1943000000.0,414000000.0,414000000.0,21616000000.0,1996000000.0,1.411,-4.324,28376000000.0,786000000.0,27590000000.0,28376000000.0,0.0,1753000000.0,0.0,0.0,0.0,4354000000.0,6107000000.0,0.179,6107000000.0,4354000000.0,2506000000.0,3.5,3.37,3.5,-8270000000.0,-8698000000.0,-8270000000.0,49259350980.0,11.0,8.066,1737000000.0,3.903,1.0,12566000000.0,0.368,5903000000.0,1848000000.0,45195000000.0,44678000000.0,1179000000.0,569000000.0,0.0,569000000.0,35759000000.0,5695000000.0,30064000000.0,21366350980.0,-291000000.0,-448000000.0,-500000000.0,-697000000.0,0.0,-1625000000.0,-2346000000.0,36000000.0,3680000000.0,0.0,1556000000.0,1556000000.0,1556000000.0,0.0,440000000.0,0.046,7990000000.0,4576000000.0,1803000000.0,0.0,-2.584,13.732,13.631,13619000000.0,0.0,47.71,0.625,0.621,5208000000.0,-9403000000.0,34182000000.0,34182000000.0,0.0,0.055,-0.179,0.097,0.127,113000000.0,0.0,1.0,447838000.0,445066000,461913000.0,76.802,22928000000.0,489000000.0,950000000.0,1525000000.0,51.516,2342000000.0
31,HCA,MRT,2013-09-30,2013-09-30,2013-09-30,2021-08-02,-374000000.0,28393000000.0,28071000000.0,7771000000.0,20622000000.0,1.203,-18.724,-1941000000.0,484000000.0,484000000.0,21453000000.0,1869000000.0,1.434,-4.231,28377000000.0,988000000.0,27389000000.0,28377000000.0,0.0,1717000000.0,0.0,0.105,4.5,4132000000.0,5849000000.0,0.173,5849000000.0,4132000000.0,2278000000.0,3.25,3.12,3.25,-8376000000.0,-9045500000.0,-8376000000.0,46855838475.0,11.0,8.011,1776000000.0,3.97,1.0,12327000000.0,0.365,5832000000.0,1854000000.0,45035000000.0,44526500000.0,1135000000.0,527000000.0,0.0,527000000.0,35437000000.0,5419000000.0,30018000000.0,19117838475.0,12000000.0,-510000000.0,0.0,1221000000.0,-2178000000.0,-1308000000.0,-2397000000.0,40000000.0,3717000000.0,0.0,1446000000.0,1446000000.0,1446000000.0,0.0,423000000.0,0.043,8038000000.0,4289000000.0,1582000000.0,1.385,-2.282,13.221,13.154,13322000000.0,0.0,42.75,0.566,0.566,4924000000.0,-9827000000.0,33780000000.0,33780000000.0,0.0,0.052,-0.16,0.093,0.122,98000000.0,0.0,1.0,447200900.0,447329000,463569000.0,75.515,22561000000.0,400000000.0,832000000.0,1670000000.0,50.435,2352000000.0
32,HCA,MRT,2013-06-30,2013-06-30,2013-06-30,2021-08-02,-426000000.0,27934000000.0,27798250000.0,7791000000.0,20143000000.0,1.201,-19.755,-1974000000.0,462000000.0,462000000.0,21236000000.0,1857000000.0,1.294,-4.014,28200000000.0,1456000000.0,26744000000.0,28200000000.0,0.0,1691000000.0,0.0,0.125,4.5,4103000000.0,5794000000.0,0.174,5794000000.0,4103000000.0,2261000000.0,3.25,3.11,3.25,-8823000000.0,-8916250000.0,-8823000000.0,44099569074.0,11.0,7.611,1498000000.0,3.354,1.0,12150000000.0,0.364,5534000000.0,1842000000.0,44118000000.0,43878250000.0,1152000000.0,525000000.0,0.0,525000000.0,35419000000.0,6020000000.0,29399000000.0,16085569074.0,-56000000.0,-87000000.0,0.0,966000000.0,-2176000000.0,-1561000000.0,-1967000000.0,83000000.0,3472000000.0,0.0,1441000000.0,1441000000.0,1441000000.0,0.0,416000000.0,0.043,7958000000.0,4192000000.0,1657000000.0,1.385,-1.823,11.163,11.095,13229000000.0,0.0,36.06,0.482,0.482,4915000000.0,-10193000000.0,33386000000.0,33386000000.0,0.0,0.052,-0.162,0.094,0.123,84000000.0,0.0,1.0,446077900.0,446612000,463184000.0,74.754,22400000000.0,401000000.0,820000000.0,1695000000.0,50.155,1771000000.0
33,HCA,MRT,2013-03-31,2013-03-31,2013-03-31,2021-08-02,-475000000.0,27882000000.0,27597750000.0,7787000000.0,20095000000.0,1.197,-20.979,-1931000000.0,594000000.0,594000000.0,21047000000.0,1805000000.0,1.3,-3.85,28608000000.0,1438000000.0,27170000000.0,28608000000.0,0.0,1686000000.0,0.0,0.111,4.5,4002000000.0,5688000000.0,0.172,5688000000.0,4002000000.0,2174000000.0,3.19,3.05,3.19,-9323000000.0,-8771250000.0,-9323000000.0,46248866174.0,12.0,8.131,2187000000.0,4.921,1.0,12001000000.0,0.363,5541000000.0,1828000000.0,44364000000.0,43543000000.0,1104000000.0,530000000.0,0.0,530000000.0,35894000000.0,5991000000.0,29903000000.0,18023866174.0,123000000.0,-138000000.0,0.0,540000000.0,-2176000000.0,-1996000000.0,-1999000000.0,61000000.0,4118000000.0,0.0,1409000000.0,1409000000.0,1409000000.0,0.0,396000000.0,0.043,7939000000.0,4062000000.0,1691000000.0,1.411,-1.933,12.792,12.737,13144000000.0,0.0,40.63,0.545,0.546,4877000000.0,-10616000000.0,33048000000.0,33048000000.0,0.0,0.051,-0.161,0.092,0.121,70000000.0,0.0,1.0,443609800.0,444401000,462368000.0,74.365,22341000000.0,385000000.0,765000000.0,1763000000.0,50.272,1796000000.0
34,HCA,MRT,2012-12-31,2012-12-31,2012-12-31,2021-08-02,-457000000.0,28075000000.0,27412000000.0,7763000000.0,20312000000.0,1.204,-21.946,-1862000000.0,705000000.0,705000000.0,20806000000.0,2006000000.0,1.258,-3.77,28930000000.0,1435000000.0,27495000000.0,28930000000.0,0.0,1679000000.0,0.0,0.215,6.5,4291000000.0,5970000000.0,0.181,5970000000.0,4291000000.0,2493000000.0,3.65,3.49,3.65,-9660000000.0,-8593750000.0,-9660000000.0,39780861912.0,9.0,6.663,2313000000.0,5.255,1.0,12207000000.0,0.37,5539000000.0,1798000000.0,44589000000.0,43341250000.0,1086000000.0,619000000.0,0.0,619000000.0,36416000000.0,6172000000.0,30244000000.0,13319861912.0,332000000.0,-228000000.0,0.0,1662000000.0,-3148000000.0,-1780000000.0,-2063000000.0,16000000.0,4175000000.0,0.0,1605000000.0,1605000000.0,1605000000.0,0.0,401000000.0,0.049,7902000000.0,4305000000.0,1768000000.0,1.781,-1.379,8.299,8.266,13185000000.0,0.0,30.17,0.403,0.402,4672000000.0,-10960000000.0,33013000000.0,33013000000.0,0.0,0.059,-0.187,0.099,0.13,56000000.0,0.0,1.0,441493600.0,440178000,459403000.0,74.999,22536000000.0,385000000.0,888000000.0,1776000000.0,51.197,1591000000.0
35,HCA,MRT,2012-09-30,2012-09-30,2012-09-30,2021-08-02,-440000000.0,27302000000.0,27117750000.0,7272000000.0,20030000000.0,1.193,-17.825,-1777000000.0,472000000.0,472000000.0,20278000000.0,3621000000.0,1.241,-4.309,26933000000.0,1751000000.0,25182000000.0,26933000000.0,0.0,1641000000.0,0.0,0.06,2.0,6199000000.0,7840000000.0,0.242,7840000000.0,6199000000.0,4398000000.0,7.03,6.74,7.03,-7859000000.0,-8243250000.0,-7859000000.0,41174702275.0,7.0,5.252,2522000000.0,5.72,1.0,12070000000.0,0.373,5460000000.0,1801000000.0,42442000000.0,42887000000.0,1052000000.0,576000000.0,0.0,576000000.0,33865000000.0,5861000000.0,28004000000.0,14651702275.0,113000000.0,-1397000000.0,0.0,166000000.0,-983000000.0,-1091000000.0,-3095000000.0,73000000.0,4299000000.0,0.0,3226000000.0,3226000000.0,3226000000.0,0.0,395000000.0,0.1,7590000000.0,4480000000.0,1585000000.0,0.284,-1.864,4.542,4.73,12960000000.0,0.0,33.25,0.453,0.453,4598000000.0,-9103000000.0,32348000000.0,32348000000.0,0.0,0.119,-0.391,0.145,0.192,41000000.0,0.0,1.0,440652700.0,440899000,459515000.0,73.368,21842000000.0,322000000.0,1172000000.0,1860000000.0,49.54,1411000000.0
36,HCA,MRT,2012-06-30,2012-06-30,2012-06-30,2021-08-02,-449000000.0,27132000000.0,26231250000.0,7137000000.0,19995000000.0,1.203,-18.757,-1687000000.0,518000000.0,518000000.0,19718000000.0,3312000000.0,1.31,-4.134,27041000000.0,1309000000.0,25732000000.0,27041000000.0,0.0,1586000000.0,0.0,0.066,2.0,5728000000.0,7314000000.0,0.232,7314000000.0,5728000000.0,3854000000.0,6.33,6.07,6.33,-8243000000.0,-8827000000.0,-8243000000.0,40783446646.0,7.0,5.576,2837000000.0,6.455,1.0,11826000000.0,0.375,5431000000.0,1874000000.0,42777000000.0,43031750000.0,1055000000.0,597000000.0,0.0,597000000.0,34075000000.0,5447000000.0,28628000000.0,13352446646.0,-21000000.0,-1420000000.0,-1503000000.0,1266000000.0,-983000000.0,-1476000000.0,-3069000000.0,39000000.0,4524000000.0,0.0,2927000000.0,2927000000.0,2927000000.0,0.0,385000000.0,0.093,7394000000.0,4432000000.0,1517000000.0,0.316,-1.62,4.562,4.807,12846000000.0,0.0,30.43,0.423,0.424,4485000000.0,-9463000000.0,31544000000.0,31544000000.0,0.0,0.112,-0.332,0.133,0.182,33000000.0,0.0,1.0,438792200.0,439473000,458621000.0,71.777,21701000000.0,323000000.0,927000000.0,1857000000.0,49.38,1690000000.0
37,HCA,MRT,2012-03-31,2012-03-31,2012-03-31,2021-08-02,-411000000.0,27139000000.0,25417500000.0,7282000000.0,19857000000.0,1.207,-19.667,-1685000000.0,471000000.0,471000000.0,19204000000.0,3147000000.0,1.297,-4.001,27902000000.0,1841000000.0,26061000000.0,27902000000.0,0.0,1524000000.0,0.0,0.081,2.0,5571000000.0,7095000000.0,0.231,7095000000.0,5571000000.0,3625000000.0,5.88,5.65,5.88,-8613000000.0,-8936500000.0,-8613000000.0,37505669320.0,7.0,5.286,2127000000.0,4.857,1.0,11477000000.0,0.374,5398000000.0,1946000000.0,43557000000.0,42752750000.0,1046000000.0,644000000.0,0.0,644000000.0,34463000000.0,5615000000.0,28848000000.0,10826669320.0,-82000000.0,-1545000000.0,-1503000000.0,1990000000.0,-983000000.0,-735000000.0,-3159000000.0,66000000.0,3812000000.0,0.0,2765000000.0,2765000000.0,2765000000.0,0.0,382000000.0,0.09,7165000000.0,4312000000.0,1412000000.0,0.34,-1.257,3.916,4.207,12787000000.0,0.0,24.74,0.353,0.353,4878000000.0,-9854000000.0,30681000000.0,30681000000.0,0.0,0.109,-0.309,0.13,0.182,27000000.0,0.0,1.0,437618000.0,437936000,458312000.0,70.058,21741000000.0,226000000.0,860000000.0,1757000000.0,49.644,1667000000.0
38,HCA,MRT,2011-12-31,2011-12-31,2011-12-31,2021-08-02,-440000000.0,26898000000.0,24585000000.0,7233000000.0,19665000000.0,1.207,-17.327,-1679000000.0,373000000.0,373000000.0,18619000000.0,2842000000.0,1.302,-4.107,27052000000.0,1407000000.0,25645000000.0,27052000000.0,0.0,1465000000.0,0.0,0.0,0.0,5221000000.0,6686000000.0,0.225,6686000000.0,5221000000.0,3184000000.0,5.17,4.97,5.17,-8258000000.0,-9015750000.0,-8258000000.0,35854357319.0,7.0,5.363,2254000000.0,4.729,1.0,11063000000.0,0.373,5251000000.0,2037000000.0,42772000000.0,42276000000.0,1054000000.0,649000000.0,0.0,649000000.0,33912000000.0,5554000000.0,28358000000.0,9617357319.0,-38000000.0,-1401000000.0,1003000000.0,-1681000000.0,-31000000.0,-976000000.0,-2995000000.0,80000000.0,3933000000.0,0.0,2465000000.0,2465000000.0,2465000000.0,0.0,377000000.0,0.083,7116000000.0,3947000000.0,1597000000.0,0.0,-1.165,3.902,4.261,12834000000.0,0.0,22.03,0.324,0.354,4533000000.0,-9423000000.0,29682000000.0,29682000000.0,0.0,0.1,-0.273,0.123,0.176,26000000.0,0.0,1.0,436557300.0,476609000,495943000.0,62.277,21647000000.0,594000000.0,719000000.0,1720000000.0,45.419,1679000000.0
39,HCA,MRT,2011-09-30,2011-09-30,2011-09-30,2021-08-02,-424000000.0,23756000000.0,23823500000.0,6693000000.0,17063000000.0,1.22,-20.05,-1635000000.0,359000000.0,359000000.0,18259000000.0,1194000000.0,1.567,-3.219,26596000000.0,725000000.0,25871000000.0,26596000000.0,0.0,1437000000.0,0.0,0.0,0.0,3388000000.0,4825000000.0,0.166,4825000000.0,3388000000.0,1290000000.0,1.76,1.71,1.76,-10194000000.0,-9932750000.0,-10194000000.0,35207340736.0,10.0,7.297,1445000000.0,2.842,1.0,10815000000.0,0.372,2701000000.0,2098000000.0,43021000000.0,42759000000.0,891000000.0,1382000000.0,0.0,1382000000.0,32818000000.0,4271000000.0,28547000000.0,10426340736.0,-18000000.0,-341000000.0,1003000000.0,25000000.0,-2037000000.0,-1217000000.0,-1881000000.0,79000000.0,3080000000.0,0.0,813000000.0,813000000.0,813000000.0,0.0,381000000.0,0.028,6947000000.0,3868000000.0,1334000000.0,0.0,-1.023,12.825,11.455,11645000000.0,0.0,20.16,0.359,0.353,3925000000.0,-11358000000.0,29074000000.0,29074000000.0,0.0,0.034,-0.082,0.079,0.117,32000000.0,0.0,1.0,517179600.0,508417000,527515000.0,57.185,21055000000.0,643000000.0,477000000.0,1683000000.0,41.413,2422000000.0
40,HCA,MRT,2011-06-30,2011-06-30,2011-06-30,2021-08-02,-339000000.0,23877000000.0,,6891000000.0,16986000000.0,,-16.809,-1565000000.0,539000000.0,539000000.0,18031000000.0,1373000000.0,1.611,-3.618,25320000000.0,689000000.0,24631000000.0,25320000000.0,0.0,1427000000.0,0.0,0.0,0.0,3742000000.0,5169000000.0,0.18,5169000000.0,3742000000.0,1638000000.0,2.21,2.15,2.21,-8681000000.0,,-8681000000.0,41829331200.0,11.0,8.092,1891000000.0,3.662,1.0,10711000000.0,0.373,2719000000.0,2104000000.0,41661000000.0,,887000000.0,1358000000.0,0.0,1358000000.0,31411000000.0,4278000000.0,27133000000.0,17016331200.0,189000000.0,-304000000.0,2506000000.0,-1723000000.0,-2036000000.0,-1467000000.0,-1800000000.0,46000000.0,3456000000.0,0.0,995000000.0,995000000.0,995000000.0,0.0,378000000.0,0.035,6846000000.0,3865000000.0,1297000000.0,0.0,-1.96,17.102,14.932,11584000000.0,0.0,33.0,0.592,0.593,3946000000.0,-11419000000.0,28742000000.0,28742000000.0,0.0,,,,0.13,32000000.0,0.0,1.0,515646400.0,516448000,538557000.0,55.653,21158000000.0,894000000.0,643000000.0,1515000000.0,40.968,2613000000.0
41,HCA,MRT,2011-03-31,2011-03-31,2011-03-31,2021-08-02,-344000000.0,23809000000.0,,6986000000.0,16823000000.0,,-20.103,-1440000000.0,553000000.0,553000000.0,17743000000.0,1431000000.0,1.637,-3.538,25366000000.0,546000000.0,24820000000.0,25366000000.0,0.0,1424000000.0,0.0,0.0,0.0,3805000000.0,5229000000.0,0.179,5229000000.0,3805000000.0,1691000000.0,2.46,2.39,2.46,-8930000000.0,,-8930000000.0,45263996737.0,12.0,8.656,1704000000.0,3.836,1.0,11506000000.0,0.393,2705000000.0,2114000000.0,41650000000.0,,881000000.0,1442000000.0,0.0,1442000000.0,31597000000.0,4267000000.0,27330000000.0,17449996737.0,165000000.0,-166000000.0,2506000000.0,-1608000000.0,-2536000000.0,-1848000000.0,-1131000000.0,463000000.0,3144000000.0,0.0,1059000000.0,1059000000.0,1059000000.0,0.0,372000000.0,0.036,7622000000.0,3884000000.0,1348000000.0,0.0,-1.954,16.478,13.768,11347000000.0,0.0,33.87,0.597,0.514,4060000000.0,-11648000000.0,29249000000.0,29249000000.0,0.0,,,,0.13,32000000.0,0.0,1.0,515205100.0,444202000,461969000.0,65.846,21104000000.0,916000000.0,632000000.0,1507000000.0,47.51,2719000000.0
42,HCA,MRT,2010-12-31,2010-12-31,2010-12-31,2021-08-02,-428000000.0,23852000000.0,23991500000.0,6919000000.0,16933000000.0,1.169,-27.967,-1325000000.0,411000000.0,411000000.0,17445000000.0,1573000000.0,1.621,-2.905,28225000000.0,592000000.0,27633000000.0,28225000000.0,0.0,1421000000.0,0.0,,0.0,3962000000.0,5383000000.0,0.192,5383000000.0,3962000000.0,1865000000.0,2.83,2.76,2.83,-11926000000.0,-10456000000.0,-11926000000.0,,,,1760000000.0,4.127,1.0,10590000000.0,0.378,2693000000.0,2097000000.0,44704000000.0,43651500000.0,897000000.0,1511000000.0,0.0,1511000000.0,34646000000.0,4269000000.0,30377000000.0,,99000000.0,-196000000.0,0.0,2483000000.0,-4257000000.0,-1947000000.0,-1039000000.0,472000000.0,3085000000.0,0.0,1207000000.0,1207000000.0,1207000000.0,0.0,366000000.0,0.043,6548000000.0,4042000000.0,1537000000.0,0.0,,,,11352000000.0,0.0,,,,3832000000.0,-11888000000.0,28035000000.0,28035000000.0,0.0,0.05,-0.115,0.091,0.141,32000000.0,0.0,1.0,515205100.0,426424000,437347000.0,65.744,21159000000.0,931000000.0,658000000.0,1608000000.0,49.62,2650000000.0
43,HCA,MRT,2010-09-30,2010-09-30,2010-09-30,2021-08-02,,,,,,,,,,,,,,,,,,,,,,,0.0,,,,,,,,,,,,,,,,,,1.0,,,,,,,,,,,,,,,,,,,,,,,,,,,,,,,,,,,,,,,,,,,,,,,,,,,,,,1.0,,426361000,,,,,,,,
44,HCA,MRT,2010-06-30,2010-06-30,2010-06-30,2021-08-02,,,,,,,,,,,,,,,,,,,,,,,0.0,,,,,,,,,,,,,,,,,,1.0,,,,,,,,,,,,,,,,,,,,,,,,,,,,,,,,,,,,,,,,,,,,,,,,,,,,,,1.0,,426329000,,,,,,,,
45,HCA,MRT,2010-03-31,2010-03-31,2010-03-31,2021-08-02,,,,,,,,,,,,,,,,,,,,,,,0.0,,,,,,,,,,,,,,,,,,1.0,,,,,,,,,,,,,,,,,,,,,,,,,,,,,,,,,,,,,,,,,,,,,,,,,,,,,,1.0,,426350000,,,,,,,,
46,HCA,MRT,2009-12-31,2009-12-31,2009-12-31,2021-08-02,-450000000.0,24131000000.0,,6577000000.0,17554000000.0,,-21.115,-1317000000.0,312000000.0,312000000.0,16826000000.0,1375000000.0,1.525,-3.573,25670000000.0,846000000.0,24824000000.0,25670000000.0,0.0,1425000000.0,0.0,,0.0,3668000000.0,5093000000.0,0.19,5093000000.0,3668000000.0,1681000000.0,2.48,2.44,2.48,-8986000000.0,,-8986000000.0,,,,1430000000.0,3.36,1.0,9950000000.0,0.372,2577000000.0,1987000000.0,42599000000.0,,802000000.0,2019000000.0,0.0,2019000000.0,32109000000.0,4313000000.0,27796000000.0,,-153000000.0,-20000000.0,0.0,-1529000000.0,0.0,-1865000000.0,-1035000000.0,303000000.0,2747000000.0,0.0,1054000000.0,1054000000.0,1054000000.0,0.0,321000000.0,0.039,6192000000.0,3758000000.0,1460000000.0,0.0,,,,11427000000.0,0.0,,,,3692000000.0,-8763000000.0,26776000000.0,26776000000.0,0.0,,,,0.137,40000000.0,0.0,1.0,,425567000,432227000.0,62.918,21554000000.0,1192000000.0,627000000.0,1768000000.0,50.648,2264000000.0
47,HCA,MRT,2008-12-31,2008-12-31,2008-12-31,2021-08-02,,,,,,,,-1600000000.0,,,16060000000.0,902000000.0,,,,,,,,1416000000.0,,,0.0,2962000000.0,4378000000.0,0.154,4378000000.0,2962000000.0,941000000.0,1.59,1.56,1.59,,,,,,,390000000.0,0.92,1.0,12314000000.0,0.434,,2021000000.0,,,,,,,,,,,72000000.0,108000000.0,0.0,-260000000.0,0.0,-451000000.0,-1467000000.0,21000000.0,1990000000.0,0.0,673000000.0,673000000.0,673000000.0,0.0,229000000.0,0.024,9443000000.0,2871000000.0,,0.0,,,,,0.0,,,,,,28374000000.0,28374000000.0,0.0,,,,0.104,32000000.0,0.0,1.0,,423699000,430982000.0,66.967,,,268000000.0,,,
