None,ticker,dimension,calendardate,datekey,reportperiod,lastupdated,accoci,assets,assetsavg,assetsc,assetsnc,assetturnover,bvps,capex,cashneq,cashnequsd,cor,consolinc,currentratio,de,debt,debtc,debtnc,debtusd,deferredrev,depamor,deposits,divyield,dps,ebit,ebitda,ebitdamargin,ebitdausd,ebitusd,ebt,eps,epsdil,epsusd,equity,equityavg,equityusd,ev,evebit,evebitda,fcf,fcfps,fxusd,gp,grossmargin,intangibles,intexp,invcap,invcapavg,inventory,investments,investmentsc,investmentsnc,liabilities,liabilitiesc,liabilitiesnc,marketcap,ncf,ncfbus,ncfcommon,ncfdebt,ncfdiv,ncff,ncfi,ncfinv,ncfo,ncfx,netinc,netinccmn,netinccmnusd,netincdis,netincnci,netmargin,opex,opinc,payables,payoutratio,pb,pe,pe1,ppnenet,prefdivis,price,ps,ps1,receivables,retearn,revenue,revenueusd,rnd,roa,roe,roic,ros,sbcomp,sgna,sharefactor,sharesbas,shareswa,shareswadil,sps,tangibles,taxassets,taxexp,taxliabilities,tbvps,workingcapital
0,STR,MRY,2015-12-31,2015-12-31,2015-12-31,2021-08-25,-185300000.0,4371800000.0,4178500000.0,440100000.0,3931700000.0,0.272,7.468,-319000000.0,25000000.0,25000000.0,226500000.0,208700000.0,0.468,2.324,1707100000.0,708900000.0,998200000.0,1707100000.0,0.0,223500000.0,0.0,0.043,0.84,382300000.0,605800000.0,0.534,605800000.0,382300000.0,319300000.0,1.18,1.18,1.18,1315100000.0,1303875000.0,1315100000.0,4995006041.0,13.0,8.245,92400000.0,0.525,1.0,908400000.0,0.8,0.0,63000000.0,5113800000.0,4951350000.0,73500000.0,23900000.0,0.0,23900000.0,3056700000.0,940100000.0,2116600000.0,3406006041.0,-7000000.0,-17600000.0,-19800000.0,84300000.0,-148000000.0,-82900000.0,-335500000.0,0.0,411400000.0,0.0,208700000.0,208700000.0,208700000.0,0.0,0.0,0.184,534000000.0,374400000.0,224800000.0,0.712,2.59,16.32,16.508,3848700000.0,0.0,19.48,3.001,3.023,259300000.0,1031400000.0,1134900000.0,1134900000.0,0.0,0.05,0.16,0.077,0.337,11400000.0,290600000.0,1.0,174846306.0,176100000,176300000.0,6.445,4371800000.0,0.0,110600000.0,779500000.0,24.826,-500000000.0
1,STR,MRY,2014-12-31,2014-12-31,2014-12-31,2021-08-25,-201300000.0,4243900000.0,4051850000.0,408700000.0,3835200000.0,0.294,7.089,-371500000.0,32000000.0,32000000.0,252500000.0,226500000.0,0.658,2.405,1630600000.0,373100000.0,1257500000.0,1630600000.0,0.0,234400000.0,29400000.0,0.03,0.75,415500000.0,649900000.0,0.546,649900000.0,415500000.0,352400000.0,1.29,1.29,1.29,1246200000.0,1262800000.0,1246200000.0,5941485559.0,14.0,9.142,72100000.0,0.41,1.0,936800000.0,0.788,9800000.0,63100000.0,5211300000.0,5077075000.0,74100000.0,24700000.0,0.0,24700000.0,2997700000.0,621400000.0,2376300000.0,4430485559.0,16000000.0,-4800000.0,-1200000.0,70100000.0,-131900000.0,-60800000.0,-366800000.0,0.0,443600000.0,0.0,226500000.0,226500000.0,226500000.0,0.0,0.0,0.19,531400000.0,405400000.0,116000000.0,0.581,3.555,19.561,19.597,3735500000.0,0.0,25.28,3.725,3.737,211800000.0,970700000.0,1189300000.0,1189300000.0,0.0,0.056,0.179,0.082,0.349,12400000.0,316900000.0,1.0,175256549.0,175800000,176100000.0,6.765,4234100000.0,0.0,125900000.0,745300000.0,24.085,-212700000.0
2,STR,MRY,2013-12-31,2013-12-31,2013-12-31,2021-08-25,-141800000.0,4054300000.0,3862050000.0,351900000.0,3702400000.0,0.316,6.835,-503700000.0,16000000.0,16000000.0,343300000.0,161200000.0,0.633,2.382,1562400000.0,276900000.0,1285500000.0,1562400000.0,0.0,201800000.0,19800000.0,0.031,0.71,319400000.0,521200000.0,0.427,521200000.0,319400000.0,262500000.0,0.92,0.92,0.92,1198800000.0,1111300000.0,1198800000.0,5518368381.0,17.0,10.588,-1600000.0,-0.009,1.0,876700000.0,0.719,9800000.0,56900000.0,5035100000.0,4791225000.0,63700000.0,25600000.0,0.0,25600000.0,2855500000.0,555800000.0,2299700000.0,4024868381.0,-800000.0,-4900000.0,-1900000.0,117600000.0,-124600000.0,5100000.0,-508000000.0,0.0,502100000.0,0.0,161200000.0,161200000.0,161200000.0,0.0,0.0,0.132,570900000.0,305800000.0,158000000.0,0.772,3.357,24.968,24.989,3603000000.0,0.0,22.99,3.299,3.305,217200000.0,876100000.0,1220000000.0,1220000000.0,0.0,0.042,0.145,0.067,0.262,10200000.0,295300000.0,1.0,175070395.0,175400000,176000000.0,6.956,4044500000.0,9700000.0,101300000.0,741900000.0,23.059,-203900000.0
3,STR,MRY,2012-12-31,2012-12-31,2012-12-31,2021-08-25,-246300000.0,3803300000.0,3605725000.0,345700000.0,3457600000.0,0.305,5.867,-370700000.0,16800000.0,16800000.0,240200000.0,212000000.0,0.632,2.673,1443900000.0,305700000.0,1138200000.0,1443900000.0,0.0,189200000.0,30200000.0,0.034,0.665,386400000.0,575600000.0,0.524,575600000.0,386400000.0,328500000.0,1.2,1.19,1.2,1035600000.0,1054550000.0,1035600000.0,4826155690.0,12.0,8.385,97000000.0,0.55,1.0,858700000.0,0.781,9800000.0,57900000.0,4673900000.0,4406450000.0,63500000.0,26500000.0,0.0,26500000.0,2767700000.0,546700000.0,2221000000.0,3459655690.0,5200000.0,-3000000.0,-80300000.0,100500000.0,-117400000.0,-97200000.0,-365300000.0,0.0,467700000.0,0.0,212000000.0,212000000.0,212000000.0,0.0,0.0,0.193,483000000.0,375700000.0,167500000.0,0.554,3.341,16.319,16.467,3363200000.0,0.0,19.76,3.148,3.174,192600000.0,839500000.0,1098900000.0,1098900000.0,0.0,0.059,0.201,0.088,0.352,9900000.0,301600000.0,1.0,175083790.0,176500000,177500000.0,6.226,3793500000.0,13000000.0,116500000.0,631400000.0,21.493,-201000000.0
4,STR,MRY,2011-12-31,2011-12-31,2011-12-31,2021-08-25,-226100000.0,3532800000.0,3337525000.0,335400000.0,3197400000.0,0.358,5.826,-367700000.0,11600000.0,11600000.0,374000000.0,207900000.0,0.59,2.418,1303500000.0,310500000.0,993000000.0,1303500000.0,0.0,169400000.0,25000000.0,0.031,0.62,381100000.0,550500000.0,0.461,550500000.0,381100000.0,324300000.0,1.17,1.16,1.17,1033500000.0,1080825000.0,1033500000.0,4720873967.0,12.0,8.576,121300000.0,0.684,1.0,820400000.0,0.687,9800000.0,56800000.0,4246100000.0,4042675000.0,66000000.0,27300000.0,0.0,27300000.0,2499300000.0,568800000.0,1930500000.0,3526873967.0,-10200000.0,-3500000.0,2700000.0,-30100000.0,-110100000.0,-128300000.0,-370900000.0,0.0,489000000.0,0.0,207900000.0,207900000.0,207900000.0,0.0,0.0,0.174,453500000.0,366900000.0,175700000.0,0.53,3.413,16.964,16.974,3098400000.0,0.0,19.86,2.953,2.95,199300000.0,744900000.0,1194400000.0,1194400000.0,0.0,0.062,0.192,0.094,0.319,10100000.0,293800000.0,1.0,177586806.0,177400000,178800000.0,6.733,3523000000.0,16100000.0,116400000.0,531700000.0,19.859,-233400000.0
5,STR,MRY,2010-12-31,2010-12-31,2010-12-31,2021-08-25,-104000000.0,3373600000.0,4736425000.0,399600000.0,2974000000.0,0.237,5.907,-320300000.0,21800000.0,21800000.0,331500000.0,339200000.0,0.61,2.256,1322500000.0,424000000.0,898500000.0,1322500000.0,0.0,161800000.0,26200000.0,0.031,0.54,505700000.0,667500000.0,0.594,667500000.0,505700000.0,448600000.0,1.93,1.91,1.93,1036100000.0,1701675000.0,1036100000.0,4296630346.0,8.0,6.437,506100000.0,2.885,1.0,792100000.0,0.705,9800000.0,57100000.0,4009400000.0,5106500000.0,62700000.0,27900000.0,0.0,27900000.0,2337500000.0,655100000.0,1682400000.0,3065130346.0,10300000.0,-245300000.0,6800000.0,264700000.0,-94800000.0,288900000.0,-1124300000.0,39300000.0,826400000.0,19300000.0,339200000.0,339200000.0,339200000.0,-2600000.0,0.0,0.302,448800000.0,343300000.0,160500000.0,0.28,2.958,9.036,9.021,2884600000.0,0.0,17.41,2.728,2.718,240800000.0,647100000.0,1123600000.0,1123600000.0,0.0,0.072,0.199,0.099,0.45,15400000.0,284300000.0,1.0,176055735.0,175400000,178000000.0,6.406,3363800000.0,11800000.0,109400000.0,504600000.0,19.178,-255500000.0
6,STR,MRY,2009-12-31,2009-12-31,2009-12-31,2021-08-25,-30300000.0,9018600000.0,8667375000.0,952000000.0,8066600000.0,0.128,20.116,-299800000.0,11500000.0,11500000.0,373800000.0,393300000.0,0.891,1.559,1053100000.0,221900000.0,831200000.0,1053100000.0,0.0,154300000.0,30300000.0,0.012,0.505,557300000.0,711600000.0,0.641,711600000.0,557300000.0,497700000.0,2.26,2.23,2.26,3502200000.0,3438225000.0,3502200000.0,9447935982.0,17.0,13.277,1278400000.0,7.343,1.0,736100000.0,0.663,9800000.0,59600000.0,8981400000.0,9064925000.0,62800000.0,67400000.0,39300000.0,28100000.0,5461500000.0,1069000000.0,4392500000.0,7248435982.0,11500000.0,-100000.0,9100000.0,-92300000.0,-87900000.0,-176300000.0,-1396200000.0,50100000.0,1578200000.0,5800000.0,393300000.0,393300000.0,393300000.0,-212800000.0,0.0,0.354,407900000.0,328200000.0,169600000.0,0.223,2.07,18.43,18.394,7804900000.0,0.0,41.57,6.531,6.521,209700000.0,3077700000.0,1109900000.0,1109900000.0,0.0,0.045,0.114,0.061,0.502,12900000.0,261000000.0,1.0,174366995.0,174100000,176300000.0,6.375,9008800000.0,14300000.0,104400000.0,401800000.0,51.745,-117000000.0
7,STR,MRY,2008-12-31,2008-12-31,2008-12-31,2021-08-25,194700000.0,8630700000.0,7641975000.0,1185000000.0,7445700000.0,0.157,19.78,-322000000.0,23900000.0,23900000.0,515400000.0,683800000.0,1.046,1.516,2352000000.0,273100000.0,2078900000.0,2352000000.0,0.0,139600000.0,34900000.0,0.015,0.492,842100000.0,981700000.0,0.817,981700000.0,842100000.0,778200000.0,3.96,3.88,3.96,3418000000.0,2898550000.0,3418000000.0,7792980866.0,9.0,7.938,1174200000.0,6.795,1.0,686500000.0,0.571,70000000.0,63900000.0,9755900000.0,8717000000.0,192400000.0,68400000.0,0.0,68400000.0,5183200000.0,1132900000.0,4050300000.0,5669580866.0,-11500000.0,-3200000.0,-8200000.0,154400000.0,-85400000.0,892700000.0,-2378000000.0,-31800000.0,1496200000.0,-22400000.0,683800000.0,683800000.0,683800000.0,-511600000.0,0.0,0.569,379200000.0,307300000.0,562900000.0,0.124,1.659,8.291,8.255,7133000000.0,0.0,32.69,4.717,4.7,482400000.0,2772300000.0,1201900000.0,1201900000.0,0.0,0.089,0.236,0.097,0.701,19400000.0,236600000.0,1.0,173434716.0,172800000,176100000.0,6.955,8560700000.0,0.0,94400000.0,1521900000.0,49.541,52100000.0
8,STR,MRY,2007-12-31,2007-12-31,2007-12-31,2021-08-25,-25300000.0,5944200000.0,5426400000.0,658900000.0,5285300000.0,0.502,14.988,-1383500000.0,14200000.0,14200000.0,1018100000.0,507400000.0,0.66,1.306,1383100000.0,361900000.0,1021200000.0,1383100000.0,0.0,375800000.0,34100000.0,0.009,0.485,870200000.0,1246000000.0,0.457,1246000000.0,870200000.0,798000000.0,2.95,2.88,2.95,2577900000.0,2430250000.0,2577900000.0,10590718674.0,12.0,8.5,-242500000.0,-1.41,1.0,1708500000.0,0.627,70700000.0,72200000.0,6243700000.0,5811575000.0,115000000.0,52800000.0,0.0,52800000.0,3366300000.0,998700000.0,2367600000.0,9345518674.0,-10400000.0,-1300000.0,-4300000.0,310600000.0,-83700000.0,233700000.0,-1385100000.0,-14800000.0,1141000000.0,0.0,507400000.0,507400000.0,507400000.0,0.0,0.0,0.186,867200000.0,841300000.0,463100000.0,0.164,3.625,18.418,18.339,5098600000.0,0.0,54.1,3.428,3.413,411200000.0,2173900000.0,2726600000.0,2726600000.0,22000000.0,0.094,0.209,0.15,0.319,24000000.0,464000000.0,1.0,172745262.0,172000000,175900000.0,15.852,5873500000.0,6600000.0,290600000.0,999400000.0,34.148,-339800000.0
9,STR,MRY,2006-12-31,2006-12-31,2006-12-31,2021-08-25,45700000.0,5064700000.0,4563024250.0,757700000.0,4307000000.0,0.621,12.905,-883500000.0,24600000.0,24600000.0,1332300000.0,444100000.0,1.112,1.296,1072400000.0,50000000.0,1022400000.0,1072400000.0,0.0,316100000.0,31400000.0,0.011,0.465,773200000.0,1089300000.0,0.384,1089300000.0,773200000.0,699600000.0,2.6,2.54,2.6,2205500000.0,2020375250.0,2205500000.0,8085835129.0,10.0,7.423,81500000.0,0.477,1.0,1503300000.0,0.53,70700000.0,73600000.0,5360200000.0,4919566500.0,134800000.0,37500000.0,0.0,37500000.0,2859200000.0,681600000.0,2177600000.0,7131148129.0,11200000.0,-700000.0,4600000.0,-7500000.0,-79700000.0,-72300000.0,-881500000.0,-6300000.0,965000000.0,0.0,444100000.0,444100000.0,444100000.0,0.0,0.0,0.157,746900000.0,756400000.0,438900000.0,0.179,3.233,16.058,15.971,4091400000.0,0.0,41.525,2.515,2.503,400800000.0,1750200000.0,2835600000.0,2835600000.0,34400000.0,0.097,0.22,0.157,0.273,21700000.0,421800000.0,1.0,171731442.0,170900000,175200000.0,16.592,4994000000.0,10000000.0,255500000.0,867800000.0,29.222,76100000.0
10,STR,MRY,2005-12-31,2005-12-31,2005-12-31,2021-08-25,-219300000.0,4374300000.0,4013065750.0,773000000.0,3601300000.0,0.679,9.138,-712700000.0,13400000.0,13400000.0,1491500000.0,325700000.0,0.871,1.822,1077700000.0,94500000.0,983200000.0,1077700000.0,0.0,257500000.0,30800000.0,0.012,0.445,583000000.0,840500000.0,0.308,840500000.0,583000000.0,513600000.0,1.92,1.87,1.92,1549800000.0,1438653750.0,1549800000.0,7669969244.0,13.0,9.125,-16900000.0,-0.1,1.0,1233400000.0,0.453,82100000.0,69400000.0,4468700000.0,4266079750.0,125400000.0,30700000.0,0.0,30700000.0,2824500000.0,887800000.0,1936700000.0,6455733244.0,9700000.0,-1100000.0,7200000.0,76500000.0,-75600000.0,8100000.0,-694200000.0,0.0,695800000.0,0.0,325700000.0,325700000.0,325700000.0,0.0,0.0,0.12,666900000.0,566500000.0,444400000.0,0.232,4.166,19.821,19.714,3427500000.0,0.0,37.85,2.369,2.356,459200000.0,1385800000.0,2724900000.0,2724900000.0,11500000.0,0.081,0.226,0.137,0.214,4200000.0,385900000.0,1.0,170560984.0,169600000,174300000.0,16.067,4292200000.0,98000000.0,187900000.0,705700000.0,25.308,-114800000.0
11,STR,MRY,2004-12-31,2004-12-31,2004-12-31,2021-08-25,-54177000.0,3674487000.0,3417297750.0,496527000.0,3177960000.0,0.556,8.589,-445500000.0,3681000.0,3681000.0,912700000.0,229300000.0,0.948,1.553,1001195000.0,68000000.0,933195000.0,1001195000.0,0.0,227800000.0,24771000.0,0.017,0.425,427300000.0,655100000.0,0.345,655100000.0,427300000.0,358900000.0,1.37,1.335,1.37,1439558000.0,1347871000.0,1439558000.0,5298232296.0,12.0,8.088,140200000.0,0.837,1.0,988700000.0,0.52,83654000.0,68400000.0,4064707000.0,3848775000.0,85431000.0,33229000.0,0.0,33229000.0,2234929000.0,523640000.0,1711289000.0,4295325296.0,-10200000.0,0.0,24300000.0,-109500000.0,-71400000.0,-156600000.0,-439300000.0,-1000000.0,585700000.0,0.0,229300000.0,229300000.0,229300000.0,0.0,0.0,0.121,572800000.0,415900000.0,282068000.0,0.31,2.984,18.732,18.599,2984592000.0,0.0,25.48,2.259,2.246,312525000.0,1135718000.0,1901400000.0,1901400000.0,9200000.0,0.067,0.17,0.111,0.225,2400000.0,327800000.0,1.0,168576346.0,167600000,171400000.0,11.345,3590833000.0,26013000.0,129600000.0,617261000.0,21.425,-27113000.0
12,STR,MRY,2003-12-31,2003-12-31,2003-12-31,2021-08-25,-41298000.0,3331631000.0,3158049500.0,366361000.0,2965270000.0,0.463,7.626,-309928000.0,13905000.0,13905000.0,598047000.0,173616000.0,0.727,1.641,1110700000.0,160511000.0,950189000.0,1110700000.0,0.0,201809000.0,22576000.0,0.022,0.39,346915000.0,548724000.0,0.375,548724000.0,346915000.0,276179000.0,1.05,1.03,1.05,1261265000.0,1211252250.0,1261265000.0,3957941039.0,11.0,7.213,126445000.0,0.765,1.0,865141000.0,0.591,85912000.0,70736000.0,3838335000.0,3764067250.0,52489000.0,36393000.0,0.0,36393000.0,2070366000.0,504179000.0,1566187000.0,2918987039.0,-7736000.0,0.0,18393000.0,-83490000.0,-64538000.0,-129745000.0,-314364000.0,-15411000.0,436373000.0,0.0,173616000.0,173616000.0,173616000.0,0.0,0.0,0.119,525311000.0,339830000.0,181012000.0,0.371,2.314,16.813,16.738,2768529000.0,0.0,17.575,1.995,1.987,271676000.0,977780000.0,1463188000.0,1463188000.0,4498000.0,0.055,0.143,0.092,0.237,2041000.0,299341000.0,1.0,166087456.0,165394000,168380000.0,8.847,3245719000.0,0.0,102563000.0,495854000.0,19.624,-137818000.0
13,STR,MRY,2002-12-31,2002-12-31,2002-12-31,2021-08-25,-28659000.0,3067850000.0,3106037250.0,279944000.0,2787906000.0,0.387,6.962,-339320000.0,21641000.0,21641000.0,439934000.0,155596000.0,0.932,1.694,1194190000.0,49010000.0,1145180000.0,1194190000.0,0.0,194369000.0,0.0,0.026,0.362,327843000.0,522212000.0,0.435,522212000.0,327843000.0,246722000.0,0.95,0.94,0.95,1138761000.0,1101945000.0,1138761000.0,3692351042.0,11.0,7.071,133028000.0,0.813,1.0,760733000.0,0.634,88044000.0,81121000.0,3851849000.0,3909793000.0,40345000.0,23617000.0,0.0,23617000.0,1929089000.0,300506000.0,1628583000.0,2278797042.0,10341000.0,0.0,7557000.0,-335366000.0,-59302000.0,-380001000.0,-82008000.0,-23333000.0,472348000.0,2000.0,155596000.0,155596000.0,155596000.0,0.0,0.0,0.13,486538000.0,274195000.0,159485000.0,0.381,2.001,14.646,14.642,2617798000.0,0.0,13.91,1.898,1.895,194286000.0,868702000.0,1200667000.0,1200667000.0,6086000.0,0.05,0.141,0.084,0.273,1129000.0,284317000.0,1.0,163824374.0,163564000,165146000.0,7.341,2979806000.0,5047000.0,91126000.0,420315000.0,18.218,-20562000.0
14,STR,MRY,2001-12-31,2001-12-31,2001-12-31,2021-08-25,26076000.0,3244496000.0,2732990000.0,352965000.0,2891531000.0,0.527,6.664,-870652000.0,11300000.0,11300000.0,730996000.0,158186000.0,0.462,2.002,1529374000.0,531951000.0,997423000.0,1529374000.0,0.0,159042000.0,0.0,0.036,0.457,311289000.0,470331000.0,0.327,470331000.0,311289000.0,246456000.0,0.975,0.97,0.975,1080781000.0,1024067000.0,1080781000.0,3376696347.0,11.0,7.179,-493194000.0,-3.041,1.0,708354000.0,0.492,90927000.0,64833000.0,3907167000.0,3221284750.0,49128000.0,158551000.0,0.0,158551000.0,2163715000.0,764476000.0,1399239000.0,2040158347.0,1884000.0,0.0,8883000.0,608308000.0,-57193000.0,559704000.0,-935052000.0,-113434000.0,377458000.0,-226000.0,158186000.0,158186000.0,158186000.0,0.0,0.0,0.11,434247000.0,274107000.0,173700000.0,0.469,1.888,12.897,12.846,2565098000.0,0.0,12.525,1.417,1.411,205457000.0,772408000.0,1439350000.0,1439350000.0,6986000.0,0.058,0.154,0.097,0.216,1945000.0,270355000.0,1.0,162886894.0,162194000,163316000.0,8.874,3153569000.0,7055000.0,88270000.0,369584000.0,19.443,-411511000.0
15,STR,MRY,2000-12-31,2000-12-31,2000-12-31,2021-08-25,12587000.0,2472027000.0,2334772750.0,418945000.0,2053082000.0,0.542,5.923,-305818000.0,9416000.0,9416000.0,612883000.0,149477000.0,0.784,1.595,923684000.0,209147000.0,714537000.0,923684000.0,0.0,148293000.0,0.0,0.023,0.343,291426000.0,439719000.0,0.347,439719000.0,291426000.0,227916000.0,0.93,0.925,0.93,952632000.0,947033000.0,952632000.0,3271649618.0,11.0,7.44,-53751000.0,-0.334,1.0,653270000.0,0.516,20514000.0,63510000.0,2831217000.0,2811797500.0,40534000.0,67524000.0,0.0,67524000.0,1519395000.0,534564000.0,984831000.0,2420525618.0,1125000.0,0.0,-9807000.0,46231000.0,-55084000.0,15635000.0,-265602000.0,-9324000.0,252067000.0,-975000.0,149477000.0,149477000.0,149477000.0,0.0,0.0,0.118,405303000.0,247967000.0,273884000.0,0.369,2.541,16.193,16.161,1886975000.0,0.0,15.03,1.912,1.909,314547000.0,671415000.0,1266153000.0,1266153000.0,7917000.0,0.064,0.158,0.104,0.23,0.0,251477000.0,1.0,161046282.0,160824000,161830000.0,7.873,2451513000.0,9694000.0,78439000.0,262631000.0,15.243,-115619000.0
16,STR,MRY,1999-12-31,1999-12-31,1999-12-31,2021-08-25,39057000.0,2184734000.0,2136690000.0,238860000.0,1945874000.0,0.433,5.418,-170093000.0,45018000.0,45018000.0,385278000.0,96852000.0,0.737,1.442,879158000.0,144115000.0,735043000.0,879158000.0,0.0,139124000.0,0.0,0.045,0.335,197483000.0,336607000.0,0.364,336607000.0,197483000.0,143539000.0,0.585,0.585,0.585,894516000.0,924369250.0,894516000.0,2064417480.0,10.0,6.133,37238000.0,0.226,1.0,538941000.0,0.583,7750000.0,53944000.0,2687165000.0,2633077500.0,37614000.0,120214000.0,0.0,120214000.0,1290218000.0,323959000.0,966259000.0,1236621480.0,-9198000.0,0.0,-20451000.0,33019000.0,-55328000.0,-75494000.0,-141136000.0,28957000.0,207331000.0,101000.0,96852000.0,96852000.0,96852000.0,0.0,0.0,0.105,366102000.0,172839000.0,132473000.0,0.573,1.382,12.768,12.821,1733651000.0,0.0,7.5,1.338,1.34,181274000.0,577022000.0,924219000.0,924219000.0,5321000.0,0.045,0.105,0.075,0.214,0.0,221082000.0,1.0,164882864.0,165094000,165352000.0,5.598,2176984000.0,0.0,46687000.0,234515000.0,13.186,-85099000.0
17,STR,MRY,1998-12-31,1998-12-31,1998-12-31,2021-08-25,18067000.0,2161281000.0,1977717000.0,246867000.0,1914414000.0,0.458,5.33,-376197000.0,17489000.0,17489000.0,367932000.0,89310000.0,0.565,1.462,842876000.0,227106000.0,615770000.0,842876000.0,0.0,122254000.0,0.0,0.034,0.326,173328000.0,295582000.0,0.326,295582000.0,173328000.0,125357000.0,0.54,0.54,0.54,877958000.0,877267500.0,877958000.0,2388739409.0,14.0,8.081,-98192000.0,-0.596,1.0,538324000.0,0.594,0.0,47971000.0,2549806000.0,2366453250.0,37817000.0,115548000.0,0.0,115548000.0,1283323000.0,436862000.0,846461000.0,1598678409.0,218000.0,0.0,7566000.0,165445000.0,-53747000.0,125625000.0,-403105000.0,-26908000.0,278005000.0,-307000.0,89310000.0,89310000.0,89310000.0,0.0,0.0,0.099,384934000.0,153390000.0,170670000.0,0.604,1.821,17.9,17.944,1747641000.0,0.0,9.69,1.764,1.761,177630000.0,564958000.0,906256000.0,906256000.0,6069000.0,0.045,0.102,0.073,0.191,0.0,208191000.0,1.0,164982292.0,164730000,165634000.0,5.501,2161281000.0,9409000.0,36047000.0,234651000.0,13.12,-189995000.0
18,STR,MRY,1997-12-31,1997-12-31,1997-12-31,2021-08-25,22966000.0,1945017000.0,1880621000.0,285024000.0,1659993000.0,0.498,5.147,-186801000.0,17271000.0,17271000.0,399941000.0,104795000.0,0.931,1.3,679254000.0,137268000.0,541986000.0,679254000.0,0.0,122517000.0,0.0,0.028,0.31,194163000.0,316680000.0,0.338,316680000.0,194163000.0,150397000.0,0.635,0.635,0.635,845778000.0,808931500.0,845778000.0,,,,15877000.0,0.097,1.0,536396000.0,0.573,0.0,43766000.0,2300788000.0,2252504000.0,29068000.0,85877000.0,0.0,85877000.0,1099239000.0,306212000.0,793027000.0,1835008419.0,11568000.0,0.0,-1291000.0,42968000.0,-51135000.0,-8699000.0,-182411000.0,4390000.0,202678000.0,0.0,104795000.0,104795000.0,104795000.0,0.0,0.0,0.112,366241000.0,170155000.0,134976000.0,0.488,2.17,17.51,17.571,1531220000.0,0.0,11.158,1.96,1.958,187014000.0,541663000.0,936337000.0,936337000.0,0.0,0.056,0.13,0.086,0.207,0.0,204834000.0,1.0,164464120.0,164332000,165334000.0,5.698,1945017000.0,10923000.0,45602000.0,247214000.0,11.836,-21188000.0
19,STR,MRY,1996-12-31,1996-12-31,1996-12-31,2021-08-25,7229000.0,1816225000.0,,244267000.0,1571958000.0,,4.728,-287489000.0,5703000.0,5703000.0,314271000.0,98145000.0,1.0,1.352,638014000.0,82505000.0,555509000.0,638014000.0,0.0,110006000.0,0.0,0.032,0.297,184590000.0,294596000.0,0.36,294596000.0,184590000.0,143507000.0,0.6,0.595,0.6,772085000.0,,772085000.0,,,,-104568000.0,-0.64,1.0,503710000.0,0.616,0.0,41083000.0,2204220000.0,,22343000.0,57804000.0,0.0,57804000.0,1044140000.0,244316000.0,799824000.0,,581000.0,10418000.0,8837000.0,120115000.0,-48980000.0,85875000.0,-268215000.0,8856000.0,182921000.0,0.0,98145000.0,98145000.0,98145000.0,0.0,0.0,0.12,332087000.0,171623000.0,136773000.0,0.495,,,15.312,1477336000.0,0.0,9.188,,1.834,188816000.0,487799000.0,817981000.0,817981000.0,0.0,,,,0.226,0.0,196389000.0,1.0,,163310000,164144000.0,5.009,1816225000.0,11223000.0,45362000.0,218760000.0,11.121,-49000.0
20,STR,MRY,1995-12-31,1995-12-31,1995-12-31,2021-08-25,,,,,,,,-114820000.0,,,199419000.0,83786000.0,,,,,,,,101093000.0,,0.034,0.287,159340000.0,260433000.0,0.401,260433000.0,159340000.0,116525000.0,0.512,0.512,0.512,,,,,,,89351000.0,0.551,1.0,449868000.0,0.693,,42815000.0,,,,,,,,,,,-2427000.0,11406000.0,7221000.0,-71685000.0,-47525000.0,-109605000.0,-96993000.0,6421000.0,204171000.0,0.0,83786000.0,83786000.0,83786000.0,0.0,0.0,0.129,307842000.0,142026000.0,,0.561,,,16.357,,0.0,8.375,,2.092,,,649287000.0,649287000.0,0.0,,,,0.245,0.0,179725000.0,1.0,,162208000,162748000.0,4.003,,,32739000.0,,,
0,STR,MRQ,2016-06-30,2016-06-30,2016-06-30,2021-08-25,-180800000.0,4140600000.0,,162600000.0,3978000000.0,,7.729,-77700000.0,0.0,0.0,-16300000.0,33100000.0,0.247,2.044,1462200000.0,464300000.0,997900000.0,1462200000.0,0.0,59800000.0,0.0,0.034,0.22,66400000.0,126200000.0,0.725,126200000.0,66400000.0,50900000.0,0.19,0.19,0.19,1360300000.0,,1360300000.0,5901822930.0,16.0,10.008,34200000.0,0.194,1.0,190400000.0,1.094,0.0,15500000.0,4944600000.0,,54000000.0,23500000.0,0.0,23500000.0,2780300000.0,658200000.0,2122100000.0,4449822930.0,-400000.0,-600000.0,400000.0,4200000.0,-38800000.0,-34100000.0,-78200000.0,0.0,111900000.0,0.0,33100000.0,33100000.0,33100000.0,0.0,0.0,0.19,126000000.0,64400000.0,159700000.0,1.158,3.271,22.808,22.856,3889200000.0,0.0,25.37,3.912,3.926,67600000.0,1065500000.0,174100000.0,174100000.0,0.0,,,,,2700000.0,65900000.0,1.0,175397041.0,176000000,176200000.0,0.989,4140600000.0,0.0,17800000.0,783700000.0,23.526,-495600000.0
1,STR,MRQ,2016-03-31,2016-03-31,2016-03-31,2021-08-25,-182900000.0,4179200000.0,,234600000.0,3944600000.0,,7.74,-68500000.0,400000.0,400000.0,170200000.0,78500000.0,0.335,2.071,1452400000.0,459700000.0,992700000.0,1452400000.0,0.0,58400000.0,0.0,0.034,0.22,137700000.0,196100000.0,0.43,196100000.0,137700000.0,121900000.0,0.45,0.45,0.45,1360700000.0,,1360700000.0,6028302963.0,16.0,10.108,264500000.0,1.505,1.0,286100000.0,0.627,0.0,15800000.0,4930700000.0,,39700000.0,23700000.0,0.0,23700000.0,2818500000.0,700500000.0,2118000000.0,4340202963.0,-24600000.0,-900000.0,700000.0,-249400000.0,-38700000.0,-288500000.0,-69100000.0,0.0,333000000.0,0.0,78500000.0,78500000.0,78500000.0,0.0,0.0,0.172,150400000.0,135700000.0,177200000.0,0.489,3.19,21.423,21.565,3860500000.0,0.0,24.8,3.733,3.75,165800000.0,1071200000.0,456300000.0,456300000.0,0.0,,,,,2700000.0,80000000.0,1.0,175008184.0,175800000,176100000.0,2.596,4179200000.0,0.0,43400000.0,776000000.0,23.772,-465900000.0
2,STR,MRQ,2015-12-31,2015-12-31,2015-12-31,2021-08-25,-185300000.0,4371800000.0,,440100000.0,3931700000.0,,7.493,-93900000.0,25000000.0,25000000.0,117000000.0,50900000.0,0.468,2.324,1707100000.0,708900000.0,998200000.0,1707100000.0,0.0,55200000.0,0.0,0.043,0.21,90700000.0,145900000.0,0.4,145900000.0,90700000.0,75100000.0,0.29,0.29,0.29,1315100000.0,,1315100000.0,4995006041.0,13.0,8.245,-46500000.0,-0.265,1.0,247700000.0,0.679,0.0,15600000.0,5113800000.0,,73500000.0,23900000.0,0.0,23900000.0,3056700000.0,940100000.0,2116600000.0,3406006041.0,25000000.0,-14800000.0,-900000.0,124500000.0,-36800000.0,87200000.0,-109600000.0,0.0,47400000.0,0.0,50900000.0,50900000.0,50900000.0,0.0,0.0,0.14,157900000.0,89800000.0,224800000.0,0.724,2.59,16.32,16.508,3848700000.0,0.0,19.48,3.001,3.023,259300000.0,1031400000.0,364700000.0,364700000.0,0.0,,,,,2700000.0,75900000.0,1.0,174846306.0,175500000,175700000.0,2.078,4371800000.0,0.0,24200000.0,779500000.0,24.911,-500000000.0
3,STR,MRQ,2015-09-30,2015-09-30,2015-09-30,2021-08-25,-189400000.0,4187400000.0,,276300000.0,3911100000.0,,7.34,-86400000.0,0.0,0.0,-39900000.0,32600000.0,0.338,2.238,1589000000.0,584600000.0,1004400000.0,1589000000.0,0.0,57000000.0,0.0,0.042,0.21,64500000.0,121500000.0,0.854,121500000.0,64500000.0,48800000.0,0.18,0.18,0.18,1293300000.0,,1293300000.0,4923683839.0,12.0,7.702,-23600000.0,-0.134,1.0,182200000.0,1.28,0.0,15700000.0,4959800000.0,,104700000.0,24500000.0,0.0,24500000.0,2894100000.0,816600000.0,2077500000.0,3411083839.0,0.0,-1000000.0,-16300000.0,76900000.0,-37100000.0,23700000.0,-86500000.0,0.0,62800000.0,0.0,32600000.0,32600000.0,32600000.0,0.0,0.0,0.229,119900000.0,62300000.0,225900000.0,1.167,2.638,15.484,15.528,3816000000.0,0.0,19.41,2.983,2.991,73500000.0,1017300000.0,142300000.0,142300000.0,0.0,,,,,2400000.0,65100000.0,1.0,175738477.0,176200000,176300000.0,0.808,4187400000.0,0.0,16200000.0,733700000.0,23.765,-540300000.0
4,STR,MRQ,2015-06-30,2015-06-30,2015-06-30,2021-08-25,-193800000.0,4070100000.0,,193500000.0,3876600000.0,,7.42,-61200000.0,0.0,0.0,3800000.0,40600000.0,0.272,2.11,1506100000.0,507500000.0,998600000.0,1506100000.0,0.0,55100000.0,0.0,0.038,0.21,77800000.0,132900000.0,0.667,132900000.0,77800000.0,62000000.0,0.23,0.23,0.23,1308800000.0,,1308800000.0,5166256363.0,13.0,8.043,16600000.0,0.094,1.0,195500000.0,0.981,0.0,15800000.0,4865100000.0,,61300000.0,24300000.0,0.0,24300000.0,2761300000.0,711100000.0,2050200000.0,3674156363.0,-4800000.0,-1200000.0,-300000.0,16200000.0,-37000000.0,-21100000.0,-61500000.0,0.0,77800000.0,0.0,40600000.0,40600000.0,40600000.0,0.0,0.0,0.204,120200000.0,75300000.0,201000000.0,0.913,2.807,16.236,16.209,3784700000.0,0.0,20.91,3.17,3.183,64900000.0,1021800000.0,199300000.0,199300000.0,0.0,,,,,3100000.0,67900000.0,1.0,175712882.0,176400000,176600000.0,1.13,4070100000.0,0.0,21400000.0,707300000.0,23.073,-517600000.0
5,STR,MRQ,2015-03-31,2015-03-31,2015-03-31,2021-08-25,-197500000.0,4084700000.0,,243600000.0,3841100000.0,,7.368,-77500000.0,4800000.0,4800000.0,145600000.0,84600000.0,0.349,2.146,1483900000.0,491400000.0,992500000.0,1483900000.0,0.0,56200000.0,0.0,0.033,0.21,149300000.0,205500000.0,0.479,205500000.0,149300000.0,133400000.0,0.48,0.48,0.48,1298300000.0,,1298300000.0,5785901681.0,14.0,8.94,145900000.0,0.828,1.0,283000000.0,0.66,0.0,15900000.0,4866700000.0,,41100000.0,24500000.0,0.0,24500000.0,2786400000.0,697100000.0,2089300000.0,4187301681.0,-27200000.0,-600000.0,-2300000.0,-133300000.0,-37100000.0,-172700000.0,-77900000.0,0.0,223400000.0,0.0,84600000.0,84600000.0,84600000.0,0.0,0.0,0.197,136000000.0,147000000.0,200500000.0,0.438,3.225,18.528,18.496,3755900000.0,0.0,23.86,3.607,3.621,146000000.0,1018200000.0,428600000.0,428600000.0,0.0,,,,,3200000.0,81700000.0,1.0,175494622.0,176200000,176500000.0,2.432,4084700000.0,0.0,48800000.0,708400000.0,23.182,-453500000.0
6,STR,MRQ,2014-12-31,2014-12-31,2014-12-31,2021-08-25,-201300000.0,4243900000.0,,408700000.0,3835200000.0,,7.089,-136200000.0,32000000.0,32000000.0,117500000.0,62500000.0,0.658,2.405,1630600000.0,373100000.0,1257500000.0,1630600000.0,0.0,65300000.0,29400000.0,0.03,0.19,114100000.0,179400000.0,0.481,179400000.0,114100000.0,98300000.0,0.36,0.36,0.36,1246200000.0,,1246200000.0,5941485559.0,14.0,9.142,-55100000.0,-0.313,1.0,255700000.0,0.685,9800000.0,15800000.0,5211300000.0,,74100000.0,24700000.0,0.0,24700000.0,2997700000.0,621400000.0,2376300000.0,4430485559.0,24700000.0,-2200000.0,1600000.0,112800000.0,-33400000.0,81900000.0,-138300000.0,0.0,81100000.0,0.0,62500000.0,62500000.0,62500000.0,0.0,0.0,0.167,144000000.0,111700000.0,116000000.0,0.528,3.555,19.561,19.597,3735500000.0,0.0,25.28,3.725,3.737,211800000.0,970700000.0,373200000.0,373200000.0,0.0,,,,,3900000.0,92800000.0,1.0,175256549.0,175800000,176100000.0,2.123,4234100000.0,0.0,35800000.0,745300000.0,24.085,-212700000.0
7,STR,MRQ,2014-09-30,2014-09-30,2014-09-30,2021-08-25,-133800000.0,4037900000.0,,277100000.0,3760800000.0,,7.277,-100900000.0,7300000.0,7300000.0,-25500000.0,38600000.0,0.588,2.156,1518300000.0,235000000.0,1283300000.0,1518300000.0,0.0,52700000.0,0.0,0.033,0.19,71800000.0,124500000.0,0.788,124500000.0,71800000.0,56100000.0,0.22,0.22,0.22,1279300000.0,,1279300000.0,5369785850.0,13.0,8.289,-22200000.0,-0.126,1.0,183400000.0,1.161,0.0,15700000.0,5077500000.0,,94500000.0,24900000.0,0.0,24900000.0,2758600000.0,471400000.0,2287200000.0,3906985850.0,7300000.0,-900000.0,-900000.0,55900000.0,-33500000.0,21800000.0,-93200000.0,0.0,78700000.0,0.0,38600000.0,38600000.0,38600000.0,0.0,0.0,0.244,114500000.0,68900000.0,225400000.0,0.864,3.054,16.833,16.886,3667100000.0,0.0,22.29,3.218,3.228,70100000.0,941600000.0,157900000.0,157900000.0,0.0,,,,,2500000.0,65200000.0,1.0,175279760.0,175800000,176100000.0,0.898,4037900000.0,14700000.0,17500000.0,718500000.0,22.969,-194300000.0
8,STR,MRQ,2014-06-30,2014-06-30,2014-06-30,2021-08-25,-136300000.0,3951200000.0,,225200000.0,3726000000.0,,7.221,-64700000.0,0.0,0.0,-5600000.0,40300000.0,0.562,2.112,1462800000.0,178800000.0,1284000000.0,1462800000.0,0.0,59200000.0,0.0,0.029,0.19,78600000.0,137800000.0,0.685,137800000.0,78600000.0,62800000.0,0.23,0.23,0.23,1269500000.0,,1269500000.0,5780618642.0,17.0,10.376,6200000.0,0.035,1.0,206900000.0,1.028,0.0,15800000.0,5013100000.0,,54200000.0,25000000.0,0.0,25000000.0,2681700000.0,400900000.0,2280800000.0,4343618642.0,-5600000.0,-800000.0,400000.0,20700000.0,-33400000.0,-11800000.0,-64700000.0,0.0,70900000.0,0.0,40300000.0,40300000.0,40300000.0,0.0,0.0,0.2,130400000.0,76500000.0,208500000.0,0.826,3.422,24.92,25.051,3631500000.0,0.0,24.8,3.603,3.616,87900000.0,936400000.0,201300000.0,201300000.0,0.0,,,,,2800000.0,71700000.0,1.0,175145913.0,175800000,176100000.0,1.145,3951200000.0,14500000.0,22500000.0,711000000.0,22.476,-175700000.0
9,STR,MRQ,2014-03-31,2014-03-31,2014-03-31,2021-08-25,-139100000.0,3974400000.0,,276200000.0,3698200000.0,,7.15,-69700000.0,5600000.0,5600000.0,166100000.0,85100000.0,0.682,2.164,1442600000.0,157900000.0,1284700000.0,1442600000.0,0.0,57200000.0,0.0,0.03,0.18,151000000.0,208200000.0,0.456,208200000.0,151000000.0,135200000.0,0.48,0.48,0.48,1256200000.0,,1256200000.0,5710633202.0,17.0,10.499,143200000.0,0.815,1.0,290800000.0,0.636,0.0,15800000.0,5006400000.0,,31900000.0,25200000.0,0.0,25200000.0,2718200000.0,405000000.0,2313200000.0,4164233202.0,-10400000.0,-900000.0,-2300000.0,-119300000.0,-31600000.0,-152700000.0,-70600000.0,0.0,212900000.0,0.0,85100000.0,85100000.0,85100000.0,0.0,0.0,0.186,142500000.0,148300000.0,229900000.0,0.375,3.315,24.015,24.265,3601900000.0,0.0,23.78,3.47,3.482,186900000.0,929600000.0,456900000.0,456900000.0,0.0,,,,,3200000.0,87200000.0,1.0,175114937.0,175700000,176100000.0,2.6,3974400000.0,14500000.0,50100000.0,712600000.0,22.62,-128800000.0
10,STR,MRQ,2013-12-31,2013-12-31,2013-12-31,2021-08-25,-141800000.0,4054300000.0,,351900000.0,3702400000.0,,6.835,-109600000.0,16000000.0,16000000.0,140700000.0,68100000.0,0.633,2.382,1562400000.0,276900000.0,1285500000.0,1562400000.0,0.0,53100000.0,19800000.0,0.031,0.18,124200000.0,177300000.0,0.446,177300000.0,124200000.0,110000000.0,0.39,0.39,0.39,1198800000.0,,1198800000.0,5518368381.0,17.0,10.588,-31500000.0,-0.18,1.0,257200000.0,0.646,9800000.0,14200000.0,5035100000.0,,63700000.0,25600000.0,0.0,25600000.0,2855500000.0,555800000.0,2299700000.0,4024868381.0,16000000.0,-1800000.0,100000.0,68300000.0,-31600000.0,49300000.0,-111400000.0,0.0,78100000.0,0.0,68100000.0,68100000.0,68100000.0,0.0,0.0,0.171,134600000.0,122600000.0,158000000.0,0.462,3.357,24.968,24.989,3603000000.0,0.0,22.99,3.299,3.305,217200000.0,876100000.0,397900000.0,397900000.0,0.0,,,,,2500000.0,82900000.0,1.0,175070395.0,175400000,175700000.0,2.269,4044500000.0,9700000.0,41900000.0,741900000.0,23.059,-203900000.0
11,STR,MRQ,2013-09-30,2013-09-30,2013-09-30,2021-08-25,-230700000.0,3861100000.0,,217200000.0,3643900000.0,,6.032,-201200000.0,0.0,0.0,-19800000.0,-19200000.0,0.381,2.647,1493500000.0,357400000.0,1136100000.0,1493500000.0,0.0,49200000.0,0.0,0.031,0.18,-15400000.0,33800000.0,0.226,33800000.0,-15400000.0,-29300000.0,-0.11,-0.11,-0.11,1058600000.0,,1058600000.0,5284064060.0,17.0,10.513,-114800000.0,-0.654,1.0,169400000.0,1.132,0.0,13900000.0,4783800000.0,,83400000.0,25800000.0,0.0,25800000.0,2802500000.0,570800000.0,2231700000.0,3937864060.0,0.0,-900000.0,-700000.0,147800000.0,-31600000.0,115600000.0,-202000000.0,0.0,86400000.0,0.0,-19200000.0,-19200000.0,-19200000.0,0.0,0.0,-0.128,188800000.0,-19400000.0,211600000.0,-1.636,3.72,25.098,25.27,3545900000.0,0.0,22.49,3.38,3.388,69700000.0,839600000.0,149600000.0,149600000.0,0.0,,,,,-600000.0,60800000.0,1.0,175094000.0,175500000,175500000.0,0.852,3861100000.0,8800000.0,-10100000.0,645900000.0,22.001,-353600000.0
12,STR,MRQ,2013-06-30,2013-06-30,2013-06-30,2021-08-25,-236400000.0,3756100000.0,,207400000.0,3548700000.0,,6.277,-108900000.0,0.0,0.0,7400000.0,39400000.0,0.514,2.409,1346200000.0,209300000.0,1136900000.0,1346200000.0,0.0,49300000.0,0.0,0.029,0.18,75300000.0,124600000.0,0.637,124600000.0,75300000.0,61000000.0,0.22,0.22,0.22,1101700000.0,,1101700000.0,5510236517.0,14.0,9.455,22700000.0,0.129,1.0,188200000.0,0.962,0.0,14300000.0,4698500000.0,,45500000.0,25900000.0,0.0,25900000.0,2654400000.0,403800000.0,2250600000.0,4175036517.0,-7200000.0,-1700000.0,400000.0,2600000.0,-31600000.0,-28600000.0,-110200000.0,0.0,131600000.0,0.0,39400000.0,39400000.0,39400000.0,0.0,0.0,0.201,117000000.0,71200000.0,186500000.0,0.818,3.79,19.891,19.875,3452900000.0,0.0,23.85,3.608,3.617,98900000.0,890400000.0,195600000.0,195600000.0,0.0,,,,,5200000.0,69600000.0,1.0,175053942.0,175500000,176300000.0,1.115,3756100000.0,17200000.0,21600000.0,667400000.0,21.402,-196400000.0
13,STR,MRQ,2013-03-31,2013-03-31,2013-03-31,2021-08-25,-241300000.0,3776700000.0,,294000000.0,3482700000.0,,6.196,-84000000.0,7200000.0,7200000.0,215000000.0,72900000.0,0.633,2.477,1342400000.0,204800000.0,1137600000.0,1342400000.0,0.0,50200000.0,0.0,0.028,0.17,135300000.0,185500000.0,0.389,185500000.0,135300000.0,120800000.0,0.42,0.41,0.42,1086100000.0,,1086100000.0,5687218793.0,15.0,9.779,122000000.0,0.696,1.0,261900000.0,0.549,0.0,14500000.0,4647500000.0,,39800000.0,26100000.0,0.0,26100000.0,2690600000.0,464400000.0,2226200000.0,4260118793.0,-9600000.0,-500000.0,-1700000.0,-101100000.0,-29800000.0,-131200000.0,-84400000.0,0.0,206000000.0,0.0,72900000.0,72900000.0,72900000.0,0.0,0.0,0.153,130500000.0,131400000.0,222800000.0,0.405,3.922,20.315,20.275,3388400000.0,0.0,24.33,3.704,3.708,191700000.0,882600000.0,476900000.0,476900000.0,0.0,,,,,3100000.0,82000000.0,1.0,175097361.0,175300000,176100000.0,2.72,3776700000.0,17200000.0,47900000.0,636100000.0,21.544,-170400000.0
14,STR,MRQ,2012-12-31,2012-12-31,2012-12-31,2021-08-25,-246300000.0,3803300000.0,,345700000.0,3457600000.0,,5.918,-94600000.0,16800000.0,16800000.0,103100000.0,63800000.0,0.632,2.673,1443900000.0,305700000.0,1138200000.0,1443900000.0,0.0,47900000.0,30200000.0,0.034,0.17,110800000.0,158700000.0,0.463,158700000.0,110800000.0,97200000.0,0.36,0.36,0.36,1035600000.0,,1035600000.0,4826155690.0,12.0,8.385,-12900000.0,-0.074,1.0,239900000.0,0.699,9800000.0,13600000.0,4673900000.0,,63500000.0,26500000.0,0.0,26500000.0,2767700000.0,546700000.0,2221000000.0,3459655690.0,16800000.0,-500000.0,-12500000.0,76700000.0,-29800000.0,26300000.0,-91200000.0,0.0,81700000.0,0.0,63800000.0,63800000.0,63800000.0,0.0,0.0,0.186,131300000.0,108600000.0,167500000.0,0.472,3.341,16.319,16.467,3363200000.0,0.0,19.76,3.148,3.174,192600000.0,839500000.0,343000000.0,343000000.0,0.0,,,,,2400000.0,80400000.0,1.0,175083790.0,175000000,175700000.0,1.96,3793500000.0,13000000.0,33400000.0,631400000.0,21.677,-201000000.0
15,STR,MRQ,2012-09-30,2012-09-30,2012-09-30,2021-08-25,-213700000.0,3582400000.0,,228200000.0,3354200000.0,,5.984,-85300000.0,0.0,0.0,-31000000.0,33800000.0,0.382,2.413,1366500000.0,377600000.0,988900000.0,1366500000.0,0.0,47700000.0,0.0,0.032,0.17,66300000.0,114000000.0,0.804,114000000.0,66300000.0,51800000.0,0.2,0.19,0.2,1049600000.0,,1049600000.0,4897569900.0,13.0,8.595,-4300000.0,-0.025,1.0,172800000.0,1.219,0.0,14500000.0,4351400000.0,,87800000.0,26800000.0,0.0,26800000.0,2532800000.0,597500000.0,1935300000.0,3571969900.0,0.0,-800000.0,-14800000.0,41400000.0,-29800000.0,1000000.0,-82000000.0,0.0,81000000.0,0.0,33800000.0,33800000.0,33800000.0,0.0,0.0,0.238,109200000.0,63600000.0,215600000.0,0.85,3.403,17.026,17.229,3261200000.0,0.0,20.33,3.216,3.21,70600000.0,805500000.0,141800000.0,141800000.0,0.0,,,,,2300000.0,65800000.0,1.0,175699454.0,175400000,176500000.0,0.808,3582400000.0,6500000.0,18000000.0,563500000.0,20.424,-369300000.0
16,STR,MRQ,2012-06-30,2012-06-30,2012-06-30,2021-08-25,-217800000.0,3497400000.0,,195900000.0,3301500000.0,,5.937,-86600000.0,0.0,0.0,1100000.0,39200000.0,0.389,2.325,1325600000.0,334000000.0,991600000.0,1325600000.0,0.0,47300000.0,0.0,0.031,0.163,76100000.0,123400000.0,0.655,123400000.0,76100000.0,61000000.0,0.22,0.22,0.22,1052000000.0,,1052000000.0,4962705148.0,13.0,8.757,-2300000.0,-0.013,1.0,187300000.0,0.994,0.0,15100000.0,4319400000.0,,59300000.0,27100000.0,0.0,27100000.0,2445400000.0,503600000.0,1941800000.0,3717205148.0,-8100000.0,-1000000.0,-49200000.0,72400000.0,-28800000.0,-5200000.0,-87200000.0,0.0,84300000.0,0.0,39200000.0,39200000.0,39200000.0,0.0,0.0,0.208,114700000.0,72600000.0,164500000.0,0.741,3.533,17.526,17.529,3210800000.0,0.0,20.86,3.332,3.313,85500000.0,801500000.0,188400000.0,188400000.0,0.0,,,,,2500000.0,69600000.0,1.0,178197754.0,177200000,178300000.0,1.063,3497400000.0,16200000.0,21800000.0,566000000.0,19.737,-307700000.0
17,STR,MRQ,2012-03-31,2012-03-31,2012-03-31,2021-08-25,-226100000.0,3539800000.0,,274200000.0,3265600000.0,,6.066,-104200000.0,8100000.0,8100000.0,167000000.0,75200000.0,0.544,2.275,1253600000.0,261400000.0,992200000.0,1253600000.0,0.0,46300000.0,0.0,0.033,0.163,133200000.0,179500000.0,0.422,179500000.0,133200000.0,118500000.0,0.42,0.42,0.42,1081000000.0,,1081000000.0,4718872015.0,12.0,8.403,116500000.0,0.654,1.0,258700000.0,0.608,0.0,14700000.0,4281100000.0,,44900000.0,27000000.0,0.0,27000000.0,2458800000.0,504200000.0,1954600000.0,3426972015.0,-3500000.0,-700000.0,-3800000.0,-90000000.0,-29000000.0,-119300000.0,-104900000.0,0.0,220700000.0,0.0,75200000.0,75200000.0,75200000.0,0.0,0.0,0.177,127800000.0,130900000.0,180400000.0,0.388,3.17,16.074,16.185,3175100000.0,0.0,19.26,2.98,2.984,172500000.0,791100000.0,425700000.0,425700000.0,0.0,,,,,2700000.0,85800000.0,1.0,177932088.0,178200000,179300000.0,2.389,3539800000.0,16200000.0,43300000.0,540000000.0,19.864,-230000000.0
18,STR,MRQ,2011-12-31,2011-12-31,2011-12-31,2021-08-25,-226100000.0,3532800000.0,,335400000.0,3197400000.0,,5.816,-112500000.0,11600000.0,11600000.0,122700000.0,61600000.0,0.59,2.418,1303500000.0,310500000.0,993000000.0,1303500000.0,0.0,43900000.0,25000000.0,0.031,0.163,109000000.0,152900000.0,0.431,152900000.0,109000000.0,96300000.0,0.34,0.34,0.34,1033500000.0,,1033500000.0,4720873967.0,12.0,8.576,-69400000.0,-0.391,1.0,232100000.0,0.654,9800000.0,12700000.0,4246100000.0,,66000000.0,27300000.0,0.0,27300000.0,2499300000.0,568800000.0,1930500000.0,3526873967.0,11600000.0,-1700000.0,100000.0,107600000.0,-28900000.0,82700000.0,-114200000.0,0.0,43100000.0,0.0,61600000.0,61600000.0,61600000.0,0.0,0.0,0.174,125500000.0,106600000.0,175700000.0,0.479,3.413,16.964,16.974,3098400000.0,0.0,19.86,2.953,2.95,199300000.0,744900000.0,354800000.0,354800000.0,0.0,,,,,2100000.0,83900000.0,1.0,177586806.0,177700000,179100000.0,1.997,3523000000.0,16100000.0,34700000.0,531700000.0,19.826,-233400000.0
19,STR,MRQ,2011-09-30,2011-09-30,2011-09-30,2021-08-25,-126800000.0,3328400000.0,,220200000.0,3108200000.0,,6.163,-111800000.0,0.0,0.0,-16500000.0,36100000.0,0.421,2.042,1194000000.0,312600000.0,881400000.0,1194000000.0,0.0,42400000.0,0.0,0.034,0.152,68500000.0,110900000.0,0.756,110900000.0,68500000.0,55200000.0,0.21,0.2,0.21,1094000000.0,,1094000000.0,4268965104.0,11.0,7.746,-35300000.0,-0.199,1.0,163200000.0,1.112,0.0,13300000.0,3999800000.0,,74000000.0,27600000.0,0.0,27600000.0,2234400000.0,522600000.0,1711800000.0,3143665104.0,0.0,-700000.0,-400000.0,62800000.0,-27100000.0,35900000.0,-112400000.0,0.0,76500000.0,0.0,36100000.0,36100000.0,36100000.0,0.0,0.0,0.246,99400000.0,63800000.0,206800000.0,0.724,2.874,14.97,14.882,3011000000.0,0.0,17.71,2.615,2.615,87400000.0,712200000.0,146700000.0,146700000.0,0.0,,,,,2100000.0,59500000.0,1.0,177507911.0,177500000,178900000.0,0.826,3328400000.0,14400000.0,19100000.0,548500000.0,18.752,-302400000.0
20,STR,MRQ,2011-06-30,2011-06-30,2011-06-30,2021-08-25,-103500000.0,3221400000.0,,197300000.0,3024100000.0,,6.232,-67400000.0,0.0,0.0,44300000.0,40300000.0,0.513,1.912,1125300000.0,223500000.0,901800000.0,1125300000.0,0.0,41300000.0,0.0,0.033,0.152,77000000.0,118300000.0,0.531,118300000.0,77000000.0,62200000.0,0.22,0.22,0.22,1106100000.0,,1106100000.0,4311310665.0,12.0,8.0,73200000.0,0.412,1.0,178600000.0,0.801,0.0,14800000.0,3962400000.0,,40200000.0,27400000.0,0.0,27400000.0,2115300000.0,384300000.0,1731000000.0,3143210665.0,0.0,-600000.0,-300000.0,-46100000.0,-27100000.0,-72800000.0,-67800000.0,0.0,140600000.0,0.0,40300000.0,40300000.0,40300000.0,0.0,0.0,0.181,104900000.0,73700000.0,136000000.0,0.691,2.842,15.591,15.673,2934300000.0,0.0,17.71,2.618,2.618,100100000.0,703200000.0,222900000.0,222900000.0,0.0,,,,,2400000.0,66000000.0,1.0,177482251.0,177500000,178800000.0,1.256,3221400000.0,14800000.0,21900000.0,536500000.0,18.149,-187000000.0
21,STR,MRQ,2011-03-31,2011-03-31,2011-03-31,2021-08-25,-104000000.0,3267500000.0,,282000000.0,2985500000.0,,6.156,-76000000.0,0.0,0.0,223500000.0,69900000.0,0.596,1.999,1168100000.0,269600000.0,898500000.0,1168100000.0,0.0,41800000.0,0.0,0.032,0.152,126600000.0,168400000.0,0.358,168400000.0,126600000.0,110600000.0,0.4,0.39,0.4,1089700000.0,,1089700000.0,4385432894.0,10.0,7.451,152800000.0,0.863,1.0,246500000.0,0.524,0.0,16000000.0,3962400000.0,,32500000.0,27800000.0,0.0,27800000.0,2177800000.0,473200000.0,1704600000.0,3084732894.0,-21800000.0,-500000.0,3300000.0,-154400000.0,-27000000.0,-174100000.0,-76500000.0,0.0,228800000.0,0.0,69900000.0,69900000.0,69900000.0,0.0,0.0,0.149,123700000.0,122800000.0,165100000.0,0.38,2.831,11.919,11.871,2897800000.0,0.0,17.45,2.616,2.62,194800000.0,690000000.0,470000000.0,470000000.0,0.0,,,,,3500000.0,84400000.0,1.0,176775524.0,177000000,178500000.0,2.655,3267500000.0,14800000.0,40700000.0,509000000.0,18.46,-191200000.0
22,STR,MRQ,2010-12-31,2010-12-31,2010-12-31,2021-08-25,-104000000.0,3373600000.0,,399600000.0,2974000000.0,,5.887,-110100000.0,21800000.0,21800000.0,138300000.0,63700000.0,0.61,2.256,1322500000.0,424000000.0,898500000.0,1322500000.0,0.0,41300000.0,26200000.0,0.031,0.14,112200000.0,153500000.0,0.423,153500000.0,112200000.0,97500000.0,0.36,0.36,0.36,1036100000.0,,1036100000.0,4296630346.0,8.0,6.437,-51200000.0,-0.291,1.0,224400000.0,0.619,9800000.0,14700000.0,4009400000.0,,62700000.0,27900000.0,0.0,27900000.0,2337500000.0,655100000.0,1682400000.0,3065130346.0,21800000.0,-10200000.0,3900000.0,89200000.0,-24700000.0,82600000.0,-119700000.0,0.0,58900000.0,0.0,63700000.0,63700000.0,63700000.0,0.0,0.0,0.176,116600000.0,107800000.0,160500000.0,0.389,2.958,9.036,9.021,2884600000.0,0.0,17.41,2.728,2.718,240800000.0,647100000.0,362700000.0,362700000.0,0.0,,,,,2100000.0,78000000.0,1.0,176055735.0,176000000,178900000.0,2.061,3363800000.0,11800000.0,33800000.0,504600000.0,19.113,-255500000.0
23,STR,MRQ,2010-09-30,2010-09-30,2010-09-30,2021-08-25,-124900000.0,3167100000.0,,272900000.0,2894200000.0,,5.552,-70700000.0,0.0,0.0,-11300000.0,27700000.0,0.352,2.25,1231500000.0,582400000.0,649100000.0,1231500000.0,0.0,40500000.0,0.0,0.03,0.14,58200000.0,98700000.0,0.68,98700000.0,58200000.0,44100000.0,0.15,0.15,0.15,974400000.0,,974400000.0,4259448621.0,7.0,5.654,-27100000.0,-0.154,1.0,156500000.0,1.078,0.0,14100000.0,3623200000.0,,72600000.0,28200000.0,0.0,28200000.0,2192700000.0,775400000.0,1417300000.0,3077548621.0,0.0,15900000.0,2000000.0,49500000.0,-24600000.0,11700000.0,-55300000.0,0.0,43600000.0,0.0,27700000.0,27700000.0,27700000.0,0.0,0.0,0.191,102100000.0,54400000.0,187000000.0,0.933,3.158,7.233,7.214,2805900000.0,0.0,17.53,2.785,2.784,92900000.0,617100000.0,145200000.0,145200000.0,0.0,,,,,3700000.0,64000000.0,1.0,175558963.0,175500000,178200000.0,0.827,3167100000.0,14300000.0,16400000.0,418900000.0,18.046,-502500000.0
24,STR,MRQ,2010-06-30,2010-06-30,2010-06-30,2021-08-25,-101400000.0,3077300000.0,,223000000.0,2854300000.0,,5.544,-78600000.0,0.0,0.0,31600000.0,97500000.0,0.34,2.17,1181900000.0,450800000.0,731100000.0,1181900000.0,0.0,39400000.0,0.0,0.011,0.13,128600000.0,168000000.0,0.835,168000000.0,128600000.0,114600000.0,0.56,0.55,0.56,970800000.0,,970800000.0,10289805362.0,16.0,12.558,279800000.0,1.598,1.0,169500000.0,0.843,0.0,14000000.0,3602900000.0,,40500000.0,28200000.0,0.0,28200000.0,2106500000.0,656300000.0,1450200000.0,7965005362.0,0.0,-250800000.0,900000.0,184700000.0,-22700000.0,252700000.0,-611100000.0,53000000.0,358400000.0,0.0,97500000.0,97500000.0,97500000.0,-68800000.0,0.0,0.485,113200000.0,56300000.0,198300000.0,0.232,8.205,16.058,15.961,2766500000.0,0.0,45.49,7.303,7.304,98100000.0,597700000.0,201100000.0,201100000.0,0.0,,,,,6800000.0,64300000.0,1.0,175093545.0,175100000,177600000.0,1.148,3077300000.0,14300000.0,17100000.0,396400000.0,17.575,-433300000.0
25,STR,MRQ,2010-03-31,2010-03-31,2010-03-31,2021-08-25,157700000.0,9327700000.0,,1014600000.0,8313100000.0,,21.872,-60900000.0,0.0,0.0,172900000.0,150300000.0,0.897,1.424,994400000.0,163200000.0,831200000.0,994400000.0,0.0,40600000.0,0.0,0.012,0.13,206700000.0,247300000.0,0.596,247300000.0,206700000.0,192400000.0,0.86,0.85,0.86,3825400000.0,,3825400000.0,9862759766.0,15.0,14.622,304600000.0,1.742,1.0,241700000.0,0.583,0.0,14300000.0,9190500000.0,,33000000.0,81300000.0,53000000.0,28300000.0,5448000000.0,1131600000.0,4316400000.0,7544659766.0,-11500000.0,-200000.0,0.0,-58700000.0,-22800000.0,-58100000.0,-338200000.0,-13700000.0,365500000.0,19300000.0,150300000.0,150300000.0,150300000.0,-78100000.0,0.0,0.363,116900000.0,124800000.0,207400000.0,0.151,1.972,15.837,15.824,7944200000.0,0.0,43.2,7.018,7.028,185300000.0,3205200000.0,414600000.0,414600000.0,0.0,,,,,2800000.0,78000000.0,1.0,174644902.0,174900000,177200000.0,2.37,9327700000.0,14300000.0,42100000.0,379300000.0,53.332,-117000000.0
26,STR,MRQ,2009-12-31,2009-12-31,2009-12-31,2021-08-25,-30300000.0,9018600000.0,,952000000.0,8066600000.0,,20.081,-83200000.0,11500000.0,11500000.0,128000000.0,150000000.0,0.891,1.559,1053100000.0,221900000.0,831200000.0,1053100000.0,0.0,40600000.0,30300000.0,0.012,0.13,198800000.0,239400000.0,0.696,239400000.0,198800000.0,184400000.0,0.86,0.85,0.86,3502200000.0,,3502200000.0,9447935982.0,17.0,13.277,297500000.0,1.706,1.0,216000000.0,0.628,9800000.0,14400000.0,8981400000.0,,62800000.0,67400000.0,39300000.0,28100000.0,5461500000.0,1069000000.0,4392500000.0,7248435982.0,10300000.0,-900000.0,3900000.0,63200000.0,-22600000.0,152200000.0,-503300000.0,-39300000.0,380700000.0,-19300000.0,150000000.0,150000000.0,150000000.0,-94600000.0,0.0,0.436,116100000.0,99900000.0,169600000.0,0.151,2.07,18.43,18.394,7804900000.0,0.0,41.57,6.531,6.521,209700000.0,3077700000.0,344000000.0,344000000.0,0.0,,,,,5800000.0,77100000.0,1.0,174366995.0,174400000,176900000.0,1.972,9008800000.0,14300000.0,34400000.0,401800000.0,51.656,-117000000.0
27,STR,MRQ,2009-09-30,2009-09-30,2009-09-30,2021-08-25,-51900000.0,8528700000.0,,839600000.0,7689100000.0,,19.172,-78300000.0,0.0,0.0,-12000000.0,98200000.0,0.96,1.536,988700000.0,157500000.0,831200000.0,988700000.0,0.0,38000000.0,0.0,0.013,0.125,126700000.0,164700000.0,1.258,164700000.0,126700000.0,112300000.0,0.57,0.56,0.57,3341700000.0,,3341700000.0,8764895755.0,38.0,69.951,271800000.0,1.559,1.0,142900000.0,1.092,0.0,14400000.0,8642800000.0,,76000000.0,28700000.0,0.0,28700000.0,5131900000.0,874600000.0,4257300000.0,6543995755.0,0.0,1700000.0,3600000.0,36300000.0,-21800000.0,-61000000.0,-289100000.0,0.0,350100000.0,0.0,98200000.0,98200000.0,98200000.0,-71400000.0,0.0,0.75,91500000.0,51400000.0,185700000.0,0.219,1.958,17.953,17.886,7470400000.0,0.0,37.56,-45.007,-45.026,123900000.0,2950300000.0,130900000.0,130900000.0,0.0,,,,,2300000.0,55400000.0,1.0,174227789.0,174300000,176300000.0,0.751,8528700000.0,12300000.0,14100000.0,338800000.0,48.931,-35000000.0
28,STR,MRQ,2009-06-30,2009-06-30,2009-06-30,2021-08-25,106700000.0,8539300000.0,,891600000.0,7647700000.0,,19.616,252200000.0,0.0,0.0,29200000.0,77900000.0,1.116,1.484,951800000.0,122000000.0,829800000.0,951800000.0,0.0,-87600000.0,0.0,0.016,0.125,110700000.0,23100000.0,0.124,23100000.0,110700000.0,96000000.0,0.44,0.44,0.44,3415100000.0,,3415100000.0,7658944076.0,17.0,17.146,618800000.0,3.554,1.0,156400000.0,0.843,0.0,14700000.0,8692400000.0,,49300000.0,28900000.0,0.0,28900000.0,5068400000.0,798700000.0,4269700000.0,5406144076.0,25100000.0,-700000.0,2400000.0,-92500000.0,-21800000.0,-146400000.0,-220200000.0,89400000.0,366600000.0,25100000.0,77900000.0,77900000.0,77900000.0,-44900000.0,0.0,0.42,94900000.0,61500000.0,149900000.0,0.284,1.583,11.49,11.461,7349500000.0,0.0,31.06,11.177,11.18,97600000.0,2873900000.0,185600000.0,185600000.0,0.0,,,,,-600000.0,59600000.0,1.0,174054864.0,174100000,176100000.0,1.066,8539300000.0,12300000.0,18100000.0,308400000.0,49.048,92900000.0
29,STR,MRQ,2009-03-31,2009-03-31,2009-03-31,2021-08-25,250900000.0,8582900000.0,,1034600000.0,7548300000.0,,20.103,-390500000.0,0.0,0.0,344300000.0,67700000.0,1.258,1.44,2252800000.0,123800000.0,2129000000.0,2252800000.0,0.0,163300000.0,0.0,0.017,0.125,137700000.0,301000000.0,0.326,301000000.0,137700000.0,105900000.0,0.39,0.38,0.39,3493900000.0,,3493900000.0,7437198708.0,11.0,8.77,90300000.0,0.52,1.0,578200000.0,0.627,69900000.0,31800000.0,9943100000.0,,155100000.0,69900000.0,0.0,69900000.0,5030900000.0,822700000.0,4208200000.0,5109098708.0,-23900000.0,-200000.0,-800000.0,-99300000.0,-21700000.0,-121100000.0,-383600000.0,0.0,480800000.0,0.0,67200000.0,67200000.0,67200000.0,0.0,500000.0,0.073,307700000.0,270500000.0,432400000.0,0.321,1.462,9.039,9.0,7232900000.0,0.0,29.43,4.546,4.551,348700000.0,2817800000.0,922500000.0,922500000.0,3100000.0,,,,,5400000.0,141500000.0,1.0,173601723.0,173800000,175900000.0,5.308,8513000000.0,0.0,38700000.0,1505500000.0,48.982,211900000.0
30,STR,MRQ,2008-12-31,2008-12-31,2008-12-31,2021-08-25,194700000.0,8630700000.0,,1185000000.0,7445700000.0,,19.746,1574500000.0,23900000.0,23900000.0,-384100000.0,114300000.0,1.046,1.516,2352000000.0,273100000.0,2078900000.0,2352000000.0,0.0,-218000000.0,34900000.0,0.015,0.125,-145500000.0,-363500000.0,0.263,-363500000.0,-145500000.0,-118500000.0,0.7,0.69,0.7,3418000000.0,,3418000000.0,7792980866.0,9.0,7.938,1957700000.0,11.31,1.0,-1000300000.0,0.723,70000000.0,-27000000.0,9755900000.0,,192400000.0,68400000.0,0.0,68400000.0,5183200000.0,1132900000.0,4050300000.0,5669580866.0,2700000.0,100000.0,1300000.0,-577800000.0,-21700000.0,226100000.0,-584200000.0,-10300000.0,383200000.0,-22400000.0,121200000.0,121200000.0,121200000.0,-511600000.0,-6900000.0,-0.088,-338900000.0,-661400000.0,562900000.0,0.179,1.659,8.291,8.255,7133000000.0,0.0,32.69,4.717,4.7,482400000.0,2772300000.0,-1384400000.0,-1384400000.0,-14700000.0,,,,,6800000.0,-156400000.0,1.0,173434716.0,173100000,175800000.0,-7.998,8560700000.0,0.0,-239700000.0,1521900000.0,49.455,52100000.0
31,STR,MRQ,2008-09-30,2008-09-30,2008-09-30,2021-08-25,106400000.0,7762100000.0,,796200000.0,6965900000.0,,18.65,-493200000.0,0.0,0.0,178800000.0,206600000.0,1.024,1.407,2123400000.0,127500000.0,1995900000.0,2123400000.0,0.0,127900000.0,0.0,0.012,0.122,358200000.0,486100000.0,0.64,486100000.0,358200000.0,325400000.0,1.18,1.16,1.18,3224500000.0,,3224500000.0,9239568902.0,8.0,5.558,-39400000.0,-0.228,1.0,581200000.0,0.765,70000000.0,32800000.0,9038100000.0,,198700000.0,40500000.0,0.0,40500000.0,4537600000.0,777400000.0,3760200000.0,7094868902.0,0.0,-300000.0,1500000.0,-21400000.0,-21300000.0,-42000000.0,-411800000.0,-12500000.0,453800000.0,0.0,204200000.0,204200000.0,204200000.0,0.0,2400000.0,0.269,205700000.0,375500000.0,578700000.0,0.103,2.2,10.232,10.179,6728400000.0,0.0,40.92,2.131,2.125,307100000.0,2672800000.0,760000000.0,760000000.0,7400000.0,,,,,4100000.0,127200000.0,1.0,173383893.0,172900000,176100000.0,4.396,7692100000.0,0.0,121200000.0,1337900000.0,44.489,18800000.0
32,STR,MRQ,2008-06-30,2008-06-30,2008-06-30,2021-08-25,-529900000.0,7292000000.0,,791000000.0,6501000000.0,,13.891,-409400000.0,0.0,0.0,275900000.0,174700000.0,0.645,2.04,2144700000.0,223800000.0,1920900000.0,2144700000.0,0.0,117100000.0,0.0,0.007,0.122,307300000.0,424400000.0,0.514,424400000.0,307300000.0,274800000.0,1.0,0.98,1.0,2399000000.0,,2399000000.0,14395641822.0,14.0,9.827,-59900000.0,-0.347,1.0,549900000.0,0.666,70700000.0,32500000.0,8138800000.0,,115700000.0,27300000.0,0.0,27300000.0,4893000000.0,1227200000.0,3665800000.0,12310441822.0,0.0,-300000.0,-3200000.0,56600000.0,-21200000.0,34800000.0,-384300000.0,-7500000.0,349500000.0,0.0,172600000.0,172600000.0,172600000.0,0.0,2100000.0,0.209,265300000.0,284600000.0,545800000.0,0.122,5.131,20.432,20.297,6324500000.0,0.0,71.04,3.998,3.985,421700000.0,2489900000.0,825800000.0,825800000.0,3800000.0,,,,,4500000.0,135600000.0,1.0,173288877.0,172700000,176300000.0,4.782,7221300000.0,194500000.0,102200000.0,998600000.0,41.814,-436200000.0
33,STR,MRQ,2008-03-31,2008-03-31,2008-03-31,2021-08-25,-218400000.0,6883100000.0,,666100000.0,6217000000.0,,14.807,-993900000.0,0.0,0.0,444800000.0,188200000.0,0.692,1.696,2085200000.0,214100000.0,1871100000.0,2085200000.0,0.0,112600000.0,0.0,0.009,0.122,322100000.0,434700000.0,0.434,434700000.0,322100000.0,296500000.0,1.08,1.05,1.08,2552700000.0,,2552700000.0,11142231919.0,12.0,8.374,-684200000.0,-3.969,1.0,555700000.0,0.555,70700000.0,25600000.0,7935200000.0,,79000000.0,19700000.0,0.0,19700000.0,4330400000.0,962400000.0,3368000000.0,9773331919.0,-14200000.0,-2700000.0,-7800000.0,697000000.0,-21200000.0,673800000.0,-997700000.0,-1500000.0,309700000.0,0.0,185800000.0,185800000.0,185800000.0,0.0,2400000.0,0.186,247100000.0,308600000.0,511700000.0,0.113,3.829,18.029,17.956,6046400000.0,0.0,56.56,3.452,3.444,425200000.0,2338500000.0,1000500000.0,1000500000.0,3500000.0,,,,,4000000.0,130200000.0,1.0,172795826.0,172400000,176200000.0,5.803,6812400000.0,105400000.0,110700000.0,1018600000.0,39.515,-296300000.0
34,STR,MRQ,2007-12-31,2007-12-31,2007-12-31,2021-08-25,-25300000.0,5944200000.0,,658900000.0,5285300000.0,,14.962,-395900000.0,14200000.0,14200000.0,281800000.0,130800000.0,0.66,1.306,1383100000.0,361900000.0,1021200000.0,1383100000.0,0.0,97400000.0,34100000.0,0.009,0.122,219800000.0,317200000.0,0.427,317200000.0,219800000.0,200600000.0,0.76,0.74,0.76,2577900000.0,,2577900000.0,10590718674.0,12.0,8.5,-103200000.0,-0.599,1.0,461700000.0,0.621,70700000.0,19200000.0,6243700000.0,,115000000.0,52800000.0,0.0,52800000.0,3366300000.0,998700000.0,2367600000.0,9345518674.0,14200000.0,-200000.0,-1900000.0,137900000.0,-21200000.0,115900000.0,-394400000.0,-5900000.0,292700000.0,0.0,130800000.0,130800000.0,130800000.0,0.0,0.0,0.176,240200000.0,221500000.0,463100000.0,0.161,3.625,18.418,18.339,5098600000.0,0.0,54.1,3.428,3.413,411200000.0,2173900000.0,743500000.0,743500000.0,15300000.0,,,,,14500000.0,123200000.0,1.0,172745262.0,172300000,176200000.0,4.315,5873500000.0,6600000.0,69800000.0,999400000.0,34.089,-339800000.0
35,STR,MRQ,2007-09-30,2007-09-30,2007-09-30,2021-08-25,17200000.0,5568100000.0,,508900000.0,5059200000.0,,14.566,-400600000.0,0.0,0.0,122200000.0,113300000.0,0.661,1.22,1245200000.0,265700000.0,979500000.0,1245200000.0,0.0,91400000.0,37000000.0,0.009,0.122,197200000.0,288600000.0,0.567,288600000.0,197200000.0,179900000.0,0.66,0.64,0.66,2508200000.0,,2508200000.0,10186839646.0,12.0,8.35,-104400000.0,-0.606,1.0,387000000.0,0.76,70700000.0,17300000.0,5972600000.0,,115100000.0,45900000.0,0.0,45900000.0,3059900000.0,770000000.0,2289900000.0,9068439646.0,0.0,-300000.0,0.0,126700000.0,-21100000.0,106000000.0,-402200000.0,-2400000.0,296200000.0,0.0,113300000.0,113300000.0,113300000.0,0.0,0.0,0.223,204900000.0,182100000.0,394900000.0,0.185,3.616,18.206,18.114,4837800000.0,0.0,52.53,3.291,3.282,238100000.0,2064300000.0,509200000.0,509200000.0,1600000.0,,,,,3300000.0,111100000.0,1.0,172633536.0,172200000,175900000.0,2.957,5497400000.0,0.0,66600000.0,920100000.0,31.925,-261100000.0
36,STR,MRQ,2007-06-30,2007-06-30,2007-06-30,2021-08-25,-26200000.0,5214100000.0,,494500000.0,4719600000.0,,13.773,-331700000.0,0.0,0.0,167800000.0,112200000.0,0.814,1.201,1118400000.0,139000000.0,979400000.0,1118400000.0,0.0,94200000.0,16400000.0,0.009,0.122,195900000.0,290100000.0,0.502,290100000.0,195900000.0,178200000.0,0.65,0.64,0.65,2368900000.0,,2368900000.0,10122066793.0,12.0,8.579,-89200000.0,-0.519,1.0,409900000.0,0.71,70700000.0,17700000.0,5654400000.0,,95300000.0,45200000.0,0.0,45200000.0,2845200000.0,607400000.0,2237800000.0,9112066793.0,-22400000.0,-500000.0,-700000.0,86000000.0,-21200000.0,68900000.0,-333800000.0,-3100000.0,242500000.0,0.0,112200000.0,112200000.0,112200000.0,0.0,0.0,0.194,212500000.0,197400000.0,379400000.0,0.188,3.847,18.991,18.875,4533700000.0,0.0,52.85,3.252,3.244,266900000.0,1972100000.0,577700000.0,577700000.0,3100000.0,,,,,3400000.0,114800000.0,1.0,172413752.0,172000000,175900000.0,3.359,5143400000.0,0.0,66000000.0,843900000.0,29.903,-112900000.0
37,STR,MRQ,2007-03-31,2007-03-31,2007-03-31,2021-08-25,-30600000.0,4979200000.0,,561700000.0,4417500000.0,,13.205,-255300000.0,22400000.0,22400000.0,446300000.0,151100000.0,1.035,1.197,1032400000.0,53000000.0,979400000.0,1032400000.0,0.0,92800000.0,8100000.0,0.011,0.117,257300000.0,350100000.0,0.391,350100000.0,257300000.0,239300000.0,0.88,0.86,0.88,2266000000.0,,2266000000.0,8715081199.0,11.0,7.715,54300000.0,0.316,1.0,449900000.0,0.502,70700000.0,18000000.0,5375600000.0,,86800000.0,40000000.0,0.0,40000000.0,2713200000.0,542900000.0,2170300000.0,7667281199.0,-2200000.0,-300000.0,-1700000.0,-40000000.0,-20200000.0,-57100000.0,-254700000.0,-3400000.0,309600000.0,0.0,151100000.0,151100000.0,151100000.0,0.0,0.0,0.169,209600000.0,240300000.0,417500000.0,0.133,3.384,16.741,16.644,4226800000.0,0.0,44.605,2.719,2.714,342000000.0,1881100000.0,896200000.0,896200000.0,2000000.0,,,,,2800000.0,114900000.0,1.0,171892864.0,171600000,175600000.0,5.223,4908500000.0,0.0,88200000.0,793100000.0,28.604,18800000.0
38,STR,MRQ,2006-12-31,2006-12-31,2006-12-31,2021-08-25,45700000.0,5064700000.0,,757700000.0,4307000000.0,,12.883,-261800000.0,24600000.0,24600000.0,377700000.0,121500000.0,1.112,1.296,1072400000.0,50000000.0,1022400000.0,1072400000.0,0.0,85200000.0,31400000.0,0.011,0.117,206000000.0,291200000.0,0.377,291200000.0,206000000.0,187400000.0,0.71,0.7,0.71,2205500000.0,,2205500000.0,8085835129.0,10.0,7.423,-54700000.0,-0.32,1.0,395100000.0,0.511,70700000.0,18600000.0,5360200000.0,,134800000.0,37500000.0,0.0,37500000.0,2859200000.0,681600000.0,2177600000.0,7131148129.0,-53100000.0,-700000.0,800000.0,40000000.0,-20200000.0,22700000.0,-282900000.0,0.0,207100000.0,0.0,121500000.0,121500000.0,121500000.0,0.0,0.0,0.157,203300000.0,191800000.0,438900000.0,0.165,3.233,16.058,15.971,4091400000.0,0.0,41.525,2.515,2.503,400800000.0,1750200000.0,772800000.0,772800000.0,4200000.0,,,,,14800000.0,113200000.0,1.0,171731442.0,171200000,175500000.0,4.514,4994000000.0,10000000.0,65900000.0,867800000.0,29.171,76100000.0
39,STR,MRQ,2006-09-30,2006-09-30,2006-09-30,2021-08-25,78902000.0,4677145000.0,,608782000.0,4068363000.0,,12.459,-251800000.0,77707000.0,77707000.0,211600000.0,95000000.0,1.299,1.194,1032394000.0,0.0,1032394000.0,1032394000.0,0.0,80400000.0,32367000.0,0.011,0.117,168100000.0,248500000.0,0.448,248500000.0,168100000.0,150300000.0,0.56,0.54,0.56,2131676000.0,,2131676000.0,7966530402.0,11.0,7.595,-6900000.0,-0.04,1.0,343600000.0,0.619,70719000.0,17800000.0,5092307000.0,,145927000.0,37437000.0,0.0,37437000.0,2545469000.0,468806000.0,2076663000.0,7007916402.0,3900000.0,0.0,2400000.0,0.0,-20100000.0,-12000000.0,-229000000.0,-3800000.0,244900000.0,0.0,95000000.0,95000000.0,95000000.0,0.0,0.0,0.171,175900000.0,167700000.0,373500000.0,0.209,3.288,16.426,16.321,3834348000.0,0.0,40.885,2.333,2.329,237454000.0,1648832000.0,555200000.0,555200000.0,16800000.0,,,,,2400000.0,103600000.0,1.0,171405562.0,171100000,175400000.0,3.245,4606426000.0,18940000.0,55300000.0,784334000.0,26.922,139976000.0
40,STR,MRQ,2006-06-30,2006-06-30,2006-06-30,2021-08-25,-43344000.0,4290021000.0,,473823000.0,3816198000.0,,11.271,-171300000.0,73760000.0,73760000.0,246700000.0,90400000.0,1.25,1.23,1032374000.0,0.0,1032374000.0,1032374000.0,0.0,76000000.0,8401000.0,0.011,0.117,163900000.0,239900000.0,0.402,239900000.0,163900000.0,144100000.0,0.53,0.52,0.53,1923989000.0,,1923989000.0,7840155436.0,11.0,7.947,18800000.0,0.11,1.0,349500000.0,0.586,71260000.0,19800000.0,4798178000.0,,94585000.0,33915000.0,0.0,33915000.0,2366032000.0,379197000.0,1986835000.0,6886086436.0,44600000.0,0.0,1400000.0,47000000.0,-20200000.0,28700000.0,-174200000.0,-2500000.0,190100000.0,0.0,90400000.0,90400000.0,90400000.0,0.0,0.0,0.152,183400000.0,166100000.0,313750000.0,0.221,3.579,17.328,17.236,3638750000.0,0.0,40.245,2.271,2.266,240019000.0,1573947000.0,596200000.0,596200000.0,10100000.0,,,,,2300000.0,98600000.0,1.0,171104148.0,170700000,175000000.0,3.493,4218761000.0,36901000.0,53700000.0,699515000.0,24.714,94626000.0
41,STR,MRQ,2006-03-31,2006-03-31,2006-03-31,2021-08-25,-70899000.0,4220231000.0,,513275000.0,3706956000.0,,10.683,-198600000.0,29147000.0,29147000.0,496300000.0,137200000.0,0.76,1.318,983216000.0,200014000.0,783202000.0,983216000.0,0.0,74500000.0,5237000.0,0.013,0.113,235200000.0,309700000.0,0.34,309700000.0,235200000.0,217800000.0,0.805,0.785,0.805,1820336000.0,,1820336000.0,7052831421.0,11.0,7.648,124300000.0,0.729,1.0,415100000.0,0.455,71260000.0,17400000.0,4427581000.0,,68920000.0,32322000.0,0.0,32322000.0,2399895000.0,675459000.0,1724436000.0,5988491421.0,15800000.0,0.0,0.0,-94500000.0,-19200000.0,-111700000.0,-195400000.0,0.0,322900000.0,0.0,137200000.0,137200000.0,137200000.0,0.0,0.0,0.151,184300000.0,230800000.0,418991000.0,0.14,3.29,16.285,16.215,3534956000.0,0.0,35.025,2.026,2.019,345108000.0,1503704000.0,911400000.0,911400000.0,3300000.0,,,,,2200000.0,106400000.0,1.0,170977628.0,170400000,174800000.0,5.349,4148971000.0,34390000.0,80600000.0,669937000.0,24.348,-162184000.0
42,STR,MRQ,2005-12-31,2005-12-31,2005-12-31,2021-08-25,-219300000.0,4374300000.0,,773000000.0,3601300000.0,,9.097,-231576000.0,13400000.0,13400000.0,571895000.0,104045000.0,0.871,1.822,1077700000.0,94500000.0,983200000.0,1077700000.0,0.0,70207000.0,30800000.0,0.012,0.113,180560000.0,250767000.0,0.266,250767000.0,180560000.0,162394000.0,0.61,0.595,0.61,1549800000.0,,1549800000.0,7669969244.0,13.0,9.125,159113000.0,0.934,1.0,369562000.0,0.393,82100000.0,18166000.0,4468700000.0,,125400000.0,30700000.0,0.0,30700000.0,2824500000.0,887800000.0,1936700000.0,6455733244.0,2417000.0,-1100000.0,637000.0,-147492000.0,-19168000.0,-166023000.0,-222249000.0,6787000.0,390689000.0,0.0,104045000.0,104045000.0,104045000.0,0.0,0.0,0.111,194457000.0,175105000.0,444400000.0,0.185,4.166,19.821,19.714,3427500000.0,0.0,37.85,2.369,2.356,459200000.0,1385800000.0,941457000.0,941457000.0,2077000.0,,,,,1210000.0,104942000.0,1.0,170560984.0,170356000,174942000.0,5.526,4292200000.0,98000000.0,58349000.0,705700000.0,25.195,-114800000.0
43,STR,MRQ,2005-09-30,2005-09-30,2005-09-30,2021-08-25,-364914000.0,4294676000.0,,839149000.0,3455527000.0,,7.745,-199846000.0,10964000.0,10964000.0,302588000.0,65757000.0,0.913,2.265,1225200000.0,92000000.0,1133200000.0,1225200000.0,0.0,64848000.0,36061000.0,0.01,0.113,121298000.0,186146000.0,0.319,186146000.0,121298000.0,103429000.0,0.39,0.375,0.39,1315534000.0,,1315534000.0,8463182910.0,16.0,10.878,-221081000.0,-1.302,1.0,280322000.0,0.481,71260000.0,17869000.0,4518782000.0,,108848000.0,40805000.0,0.0,40805000.0,2979142000.0,918870000.0,2060272000.0,7493640910.0,10307000.0,0.0,899000.0,254997000.0,-19143000.0,236753000.0,-205211000.0,-4945000.0,-21235000.0,0.0,65757000.0,65757000.0,65757000.0,0.0,0.0,0.113,164869000.0,115453000.0,369220000.0,0.29,5.696,25.374,25.177,3276851000.0,0.0,44.06,3.133,3.129,286061000.0,1300941000.0,582910000.0,582910000.0,2574000.0,,,,,964000.0,98169000.0,1.0,170078096.0,169860000,174706000.0,3.432,4223416000.0,151945000.0,37672000.0,581908000.0,24.864,-79721000.0
44,STR,MRQ,2005-06-30,2005-06-30,2005-06-30,2021-08-25,-145765000.0,3718555000.0,,425397000.0,3293158000.0,,8.746,-153017000.0,657000.0,657000.0,251827000.0,60727000.0,0.881,1.51,970199000.0,37000000.0,933199000.0,970199000.0,0.0,62278000.0,12223000.0,0.013,0.113,113244000.0,175522000.0,0.337,175522000.0,113244000.0,96601000.0,0.355,0.35,0.355,1481252000.0,,1481252000.0,6564624530.0,14.0,9.098,7788000.0,0.046,1.0,268382000.0,0.516,83654000.0,16643000.0,4121593000.0,,68002000.0,36075000.0,0.0,36075000.0,2237303000.0,482850000.0,1754453000.0,5590079530.0,657000.0,0.0,2119000.0,-4351000.0,-19093000.0,-21325000.0,-138823000.0,-759000.0,160805000.0,0.0,60727000.0,60727000.0,60727000.0,0.0,0.0,0.117,159735000.0,108647000.0,283362000.0,0.318,3.774,20.975,20.854,3118299000.0,0.0,32.95,2.577,2.573,211558000.0,1254327000.0,520209000.0,520209000.0,5476000.0,,,,,1161000.0,92959000.0,1.0,169653400.0,169358000,174102000.0,3.072,3634901000.0,47842000.0,35874000.0,558600000.0,21.463,-57453000.0
45,STR,MRQ,2005-03-31,2005-03-31,2005-03-31,2021-08-25,-169560000.0,3664732000.0,,445694000.0,3219038000.0,,8.34,-128261000.0,0.0,0.0,365190000.0,95171000.0,0.742,1.603,974545000.0,41348000.0,933197000.0,974545000.0,0.0,60167000.0,7949000.0,0.015,0.107,167898000.0,228065000.0,0.335,228065000.0,167898000.0,151176000.0,0.565,0.55,0.565,1408029000.0,,1408029000.0,6016113634.0,13.0,8.734,37280000.0,0.221,1.0,315134000.0,0.463,83654000.0,16722000.0,3955244000.0,,51161000.0,33744000.0,0.0,33744000.0,2256703000.0,600379000.0,1656324000.0,5018587634.0,-3681000.0,0.0,3545000.0,-26654000.0,-18196000.0,-41305000.0,-127917000.0,-1083000.0,165541000.0,0.0,95171000.0,95171000.0,95171000.0,0.0,0.0,0.14,151433000.0,163701000.0,336506000.0,0.189,3.564,20.209,20.017,3039901000.0,0.0,29.625,2.487,2.478,271417000.0,1212693000.0,680324000.0,680324000.0,1373000.0,,,,,865000.0,89830000.0,1.0,169403802.0,168834000,173456000.0,4.03,3581078000.0,0.0,56005000.0,477767000.0,21.211,-154685000.0
46,STR,MRQ,2004-12-31,2004-12-31,2004-12-31,2021-08-25,-54177000.0,3674487000.0,,496527000.0,3177960000.0,,8.536,-179907000.0,3681000.0,3681000.0,330100000.0,73670000.0,0.948,1.553,1001195000.0,68000000.0,933195000.0,1001195000.0,0.0,60185000.0,24771000.0,0.017,0.107,128093000.0,188278000.0,0.31,188278000.0,128093000.0,111017000.0,0.44,0.425,0.44,1439558000.0,,1439558000.0,5298232296.0,12.0,8.088,11511000.0,0.068,1.0,277944000.0,0.457,83654000.0,17076000.0,4064707000.0,,85431000.0,33229000.0,0.0,33229000.0,2234929000.0,523640000.0,1711289000.0,4295325296.0,3705000.0,0.0,6562000.0,-1707000.0,-18166000.0,-13056000.0,-174657000.0,0.0,191418000.0,0.0,73670000.0,73670000.0,73670000.0,0.0,0.0,0.121,152931000.0,125013000.0,282068000.0,0.243,2.984,18.732,18.599,2984592000.0,0.0,25.48,2.259,2.246,312525000.0,1135718000.0,608044000.0,608044000.0,5501000.0,,,,,677000.0,85504000.0,1.0,168576346.0,168638000,172624000.0,3.606,3590833000.0,26013000.0,37347000.0,617261000.0,21.293,-27113000.0
47,STR,MRQ,2004-09-30,2004-09-30,2004-09-30,2021-08-25,-112515000.0,3437305000.0,,396060000.0,3041245000.0,,7.847,-111475000.0,0.0,0.0,149257000.0,36941000.0,0.703,1.611,1002907000.0,69712000.0,933195000.0,1002907000.0,0.0,55049000.0,20568000.0,0.018,0.107,74656000.0,129705000.0,0.36,129705000.0,74656000.0,57903000.0,0.22,0.215,0.22,1316238000.0,,1316238000.0,4815022779.0,12.0,7.645,-24755000.0,-0.148,1.0,210968000.0,0.586,85912000.0,16753000.0,3791139000.0,,86942000.0,35347000.0,0.0,35347000.0,2121067000.0,563161000.0,1557906000.0,3848578779.0,0.0,0.0,5913000.0,36463000.0,-18071000.0,24367000.0,-111087000.0,0.0,86720000.0,0.0,36941000.0,36941000.0,36941000.0,0.0,0.0,0.103,139168000.0,71800000.0,291447000.0,0.486,2.924,17.846,17.76,2853454000.0,0.0,22.91,2.209,2.205,190988000.0,1080176000.0,360225000.0,360225000.0,1346000.0,,,,,595000.0,81313000.0,1.0,167986852.0,167728000,171764000.0,2.148,3351393000.0,0.0,20962000.0,469638000.0,19.981,-167101000.0
48,STR,MRQ,2004-06-30,2004-06-30,2004-06-30,2021-08-25,-81686000.0,3276582000.0,,306712000.0,2969870000.0,,7.893,-85232000.0,0.0,0.0,150335000.0,42556000.0,0.758,1.481,966444000.0,33252000.0,933192000.0,966444000.0,0.0,57842000.0,0.0,0.021,0.107,84897000.0,142739000.0,0.386,142739000.0,84897000.0,67842000.0,0.255,0.25,0.255,1320502000.0,,1320502000.0,4225511883.0,11.0,6.903,35709000.0,0.213,1.0,219180000.0,0.593,85912000.0,17055000.0,3752254000.0,,46163000.0,34422000.0,0.0,34422000.0,1956080000.0,404860000.0,1551220000.0,3237223883.0,0.0,0.0,4492000.0,-21844000.0,-18024000.0,-35376000.0,-85565000.0,-1000000.0,120941000.0,0.0,42556000.0,42556000.0,42556000.0,0.0,0.0,0.115,136883000.0,82297000.0,243699000.0,0.42,2.452,15.608,15.518,2786864000.0,0.0,19.32,1.955,1.952,181458000.0,1061306000.0,369515000.0,369515000.0,1266000.0,,,,,552000.0,76417000.0,1.0,167558172.0,167302000,170890000.0,2.209,3190670000.0,0.0,25286000.0,458107000.0,19.071,-98148000.0
49,STR,MRQ,2004-03-31,2004-03-31,2004-03-31,2021-08-25,-56123000.0,3280817000.0,,323200000.0,2957617000.0,,7.887,-68886000.0,0.0,0.0,289145000.0,76133000.0,0.816,1.495,988288000.0,38097000.0,950191000.0,988288000.0,0.0,54724000.0,0.0,0.022,0.102,139654000.0,194378000.0,0.345,194378000.0,139654000.0,122138000.0,0.455,0.445,0.455,1315186000.0,,1315186000.0,4144285756.0,11.0,7.305,117735000.0,0.706,1.0,274471000.0,0.487,85912000.0,17516000.0,3787000000.0,,33248000.0,37559000.0,0.0,37559000.0,1965631000.0,396193000.0,1569438000.0,3047490756.0,-13905000.0,0.0,7333000.0,-122412000.0,-17139000.0,-132535000.0,-67991000.0,0.0,186621000.0,0.0,76133000.0,76133000.0,76133000.0,0.0,0.0,0.135,137681000.0,136790000.0,275883000.0,0.224,2.317,16.462,16.414,2764581000.0,0.0,18.22,1.957,1.951,243070000.0,1036774000.0,563616000.0,563616000.0,1087000.0,,,,,576000.0,78429000.0,1.0,167260744.0,166748000,170336000.0,3.38,3194905000.0,0.0,46005000.0,453148000.0,19.16,-72993000.0
50,STR,MRQ,2003-12-31,2003-12-31,2003-12-31,2021-08-25,-41298000.0,3331631000.0,,366361000.0,2965270000.0,,7.599,-126810000.0,13905000.0,13905000.0,194911000.0,60031000.0,0.727,1.641,1110700000.0,160511000.0,950189000.0,1110700000.0,0.0,53629000.0,22576000.0,0.022,0.102,109408000.0,163037000.0,0.363,163037000.0,109408000.0,92406000.0,0.36,0.355,0.36,1261265000.0,,1261265000.0,3957941039.0,11.0,7.213,-41190000.0,-0.248,1.0,254301000.0,0.566,85912000.0,17002000.0,3838335000.0,,52489000.0,36393000.0,0.0,36393000.0,2070366000.0,504179000.0,1566187000.0,2918987039.0,8161000.0,-7428000.0,1132000.0,66002000.0,-17028000.0,50105000.0,-127564000.0,-4301000.0,85620000.0,0.0,60031000.0,60031000.0,60031000.0,0.0,0.0,0.134,147086000.0,107215000.0,181012000.0,0.283,2.314,16.813,16.738,2768529000.0,0.0,17.575,1.995,1.987,271676000.0,977780000.0,449212000.0,449212000.0,1324000.0,,,,,1169000.0,90986000.0,1.0,166087456.0,165976000,169262000.0,2.706,3245719000.0,0.0,32375000.0,495854000.0,19.555,-137818000.0
51,STR,MRQ,2003-09-30,2003-09-30,2003-09-30,2021-08-25,-32062000.0,3078176000.0,,212827000.0,2865349000.0,,7.365,-87017000.0,5744000.0,5744000.0,97305000.0,28691000.0,0.776,1.521,1044698000.0,39511000.0,1005187000.0,1044698000.0,0.0,49985000.0,0.0,0.025,0.102,62030000.0,112015000.0,0.41,112015000.0,62030000.0,44724000.0,0.175,0.17,0.175,1221004000.0,,1221004000.0,3592948679.0,10.0,6.402,22415000.0,0.135,1.0,176198000.0,0.644,88044000.0,17306000.0,3754650000.0,,56947000.0,32340000.0,0.0,32340000.0,1857172000.0,274436000.0,1582736000.0,2552987679.0,-17991000.0,1678000.0,4360000.0,-18998000.0,-16996000.0,-31634000.0,-95789000.0,-10450000.0,109432000.0,0.0,28691000.0,28691000.0,28691000.0,0.0,0.0,0.105,117353000.0,58845000.0,199348000.0,0.583,2.091,14.058,13.941,2683784000.0,0.0,15.405,1.828,1.828,128760000.0,934777000.0,273503000.0,273503000.0,961000.0,,,,,377000.0,66307000.0,1.0,165724614.0,165792000,168796000.0,1.65,2990132000.0,0.0,16033000.0,426951000.0,18.035,-61609000.0
52,STR,MRQ,2003-06-30,2003-06-30,2003-06-30,2021-08-25,-53658000.0,3069257000.0,,237785000.0,2831472000.0,,7.154,-60536000.0,23735000.0,23735000.0,87330000.0,20272000.0,0.715,1.595,1063696000.0,58510000.0,1005186000.0,1063696000.0,0.0,48414000.0,0.0,0.022,0.092,49476000.0,97890000.0,0.362,97890000.0,49476000.0,31964000.0,0.12,0.12,0.12,1182973000.0,,1182973000.0,3849140017.0,11.0,6.969,50575000.0,0.306,1.0,183339000.0,0.677,88044000.0,17512000.0,3688415000.0,,45831000.0,23210000.0,0.0,23210000.0,1886284000.0,332759000.0,1553525000.0,2766422017.0,-17740000.0,5750000.0,8226000.0,-60497000.0,-15303000.0,-67552000.0,-61299000.0,-644000.0,111111000.0,0.0,20272000.0,20272000.0,20272000.0,0.0,0.0,0.075,137444000.0,45895000.0,207167000.0,0.767,2.339,15.695,15.64,2652688000.0,0.0,16.735,2.105,2.106,144766000.0,923082000.0,270669000.0,270669000.0,1043000.0,,,,,495000.0,68211000.0,1.0,165307560.0,165356000,168548000.0,1.637,2981213000.0,222000.0,11692000.0,389607000.0,18.029,-94974000.0
53,STR,MRQ,2003-03-31,2003-03-31,2003-03-31,2021-08-25,-43178000.0,3153134000.0,,340508000.0,2812626000.0,,7.174,-35565000.0,41475000.0,41475000.0,218501000.0,64622000.0,0.913,1.673,1124193000.0,64010000.0,1060183000.0,1124193000.0,0.0,49781000.0,0.0,0.025,0.092,126001000.0,175782000.0,0.374,175782000.0,126001000.0,107085000.0,0.395,0.385,0.395,1179767000.0,,1179767000.0,3604970813.0,10.0,6.357,94645000.0,0.576,1.0,251303000.0,0.535,88044000.0,18916000.0,3774869000.0,,31468000.0,22022000.0,0.0,22022000.0,1973367000.0,372939000.0,1600428000.0,2432421813.0,19834000.0,0.0,4675000.0,-69997000.0,-15211000.0,-80664000.0,-29712000.0,-16000.0,130210000.0,0.0,64622000.0,64622000.0,64622000.0,0.0,0.0,0.138,123428000.0,127875000.0,240626000.0,0.233,2.062,13.122,13.084,2639647000.0,0.0,14.785,1.918,1.918,237713000.0,918113000.0,469804000.0,469804000.0,1170000.0,,,,,0.0,73837000.0,1.0,164519568.0,164444000,166906000.0,2.857,3065090000.0,7865000.0,42463000.0,377914000.0,18.639,-32431000.0
54,STR,MRQ,2002-12-31,2002-12-31,2002-12-31,2021-08-25,-28659000.0,3067850000.0,,279944000.0,2787906000.0,,6.948,-94128000.0,21641000.0,21641000.0,162587000.0,68013000.0,0.932,1.694,1194190000.0,49010000.0,1145180000.0,1194190000.0,0.0,50494000.0,0.0,0.026,0.092,125080000.0,175574000.0,0.459,175574000.0,125080000.0,104845000.0,0.415,0.41,0.415,1138761000.0,,1138761000.0,3692351042.0,11.0,7.071,13298000.0,0.081,1.0,220263000.0,0.575,88044000.0,20235000.0,3851849000.0,,40345000.0,23617000.0,0.0,23617000.0,1929089000.0,300506000.0,1628583000.0,2278797042.0,16419000.0,-27335000.0,1520000.0,-224586000.0,-15159000.0,-238006000.0,146997000.0,-12185000.0,107426000.0,2000.0,68013000.0,68013000.0,68013000.0,0.0,0.0,0.178,135843000.0,84420000.0,159485000.0,0.222,2.001,14.646,14.642,2617798000.0,0.0,13.91,1.898,1.895,194286000.0,868702000.0,382850000.0,382850000.0,1103000.0,,,,,1129000.0,77794000.0,1.0,163824374.0,163888000,165662000.0,2.336,2979806000.0,5047000.0,36832000.0,420315000.0,18.182,-20562000.0
55,STR,MRQ,2002-09-30,2002-09-30,2002-09-30,2021-08-25,-12953000.0,3096422000.0,,160699000.0,2935723000.0,,6.704,-78652000.0,5222000.0,5222000.0,27657000.0,23357000.0,0.372,1.822,1418776000.0,240336000.0,1178440000.0,1418776000.0,0.0,49261000.0,0.0,0.032,0.09,53840000.0,103101000.0,0.541,103101000.0,53840000.0,33352000.0,0.14,0.14,0.14,1097322000.0,,1097322000.0,3286802141.0,12.0,6.808,6629000.0,0.04,1.0,163013000.0,0.855,72702000.0,20488000.0,4005772000.0,,43138000.0,151586000.0,0.0,151586000.0,1999100000.0,431502000.0,1567598000.0,1869091141.0,-737000.0,11868000.0,787000.0,-3558000.0,-14730000.0,-11651000.0,-74284000.0,-7500000.0,85281000.0,-83000.0,23357000.0,23357000.0,23357000.0,0.0,0.0,0.122,116834000.0,46179000.0,170048000.0,0.643,1.703,14.36,14.365,2654711000.0,0.0,11.42,1.578,1.578,95016000.0,815848000.0,190670000.0,190670000.0,1102000.0,,,,,0.0,67368000.0,1.0,163668226.0,163684000,164796000.0,1.165,3023720000.0,845000.0,9995000.0,330266000.0,18.473,-270803000.0
56,STR,MRQ,2002-06-30,2002-06-30,2002-06-30,2021-08-25,-4939000.0,3108820000.0,,185416000.0,2923404000.0,,6.703,-94559000.0,5959000.0,5959000.0,59753000.0,29371000.0,0.326,1.837,1423670000.0,369044000.0,1054626000.0,1423670000.0,0.0,46842000.0,0.0,0.029,0.09,65782000.0,112624000.0,0.501,112624000.0,65782000.0,45420000.0,0.18,0.18,0.18,1095922000.0,,1095922000.0,3449844239.0,12.0,7.433,25329000.0,0.155,1.0,164861000.0,0.734,72702000.0,20362000.0,3884313000.0,,26099000.0,143395000.0,0.0,143395000.0,2012898000.0,569516000.0,1443382000.0,2019308239.0,1762000.0,7009000.0,2616000.0,-24581000.0,-14722000.0,-30663000.0,-87550000.0,0.0,119888000.0,87000.0,29371000.0,29371000.0,29371000.0,0.0,0.0,0.131,111470000.0,53391000.0,172727000.0,0.5,1.843,15.514,15.535,2638412000.0,0.0,12.35,1.705,1.705,126232000.0,807221000.0,224614000.0,224614000.0,1133000.0,,,,,0.0,65125000.0,1.0,163506740.0,163508000,164808000.0,1.374,3036118000.0,6683000.0,16049000.0,327488000.0,18.569,-384100000.0
57,STR,MRQ,2002-03-31,2002-03-31,2002-03-31,2021-08-25,-7821000.0,3151057000.0,,257986000.0,2893071000.0,,6.593,-71981000.0,4197000.0,4197000.0,189937000.0,34855000.0,0.414,1.929,1446655000.0,371126000.0,1075529000.0,1446655000.0,0.0,47772000.0,0.0,0.028,0.09,83141000.0,130913000.0,0.325,130913000.0,83141000.0,63105000.0,0.215,0.21,0.215,1075775000.0,,1075775000.0,3430449022.0,12.0,7.541,87772000.0,0.538,1.0,212596000.0,0.528,72702000.0,20036000.0,3897238000.0,,16650000.0,154383000.0,0.0,154383000.0,2075282000.0,623575000.0,1451707000.0,2093911022.0,-7103000.0,8458000.0,2634000.0,-82641000.0,-14691000.0,-99681000.0,-67171000.0,-3648000.0,159753000.0,-4000.0,34855000.0,34855000.0,34855000.0,0.0,0.0,0.087,122391000.0,90205000.0,219067000.0,0.419,1.946,16.087,16.17,2587426000.0,0.0,12.855,1.768,1.771,206562000.0,792572000.0,402533000.0,402533000.0,2748000.0,,,,,0.0,74030000.0,1.0,162886894.0,163172000,164514000.0,2.467,3078355000.0,9063000.0,28250000.0,314039000.0,18.866,-365589000.0
58,STR,MRQ,2001-12-31,2001-12-31,2001-12-31,2021-08-25,26076000.0,3244496000.0,,352965000.0,2891531000.0,,6.633,-627788000.0,11300000.0,11300000.0,170389000.0,42581000.0,0.462,2.002,1529374000.0,531951000.0,997423000.0,1529374000.0,0.0,53573000.0,0.0,0.036,0.09,82577000.0,136150000.0,0.372,136150000.0,82577000.0,64757000.0,0.26,0.26,0.26,1080781000.0,,1080781000.0,3376696347.0,11.0,7.179,-512946000.0,-3.148,1.0,196043000.0,0.535,90927000.0,17820000.0,3907167000.0,,49128000.0,158551000.0,0.0,158551000.0,2163715000.0,764476000.0,1399239000.0,2040158347.0,11300000.0,413823000.0,-2288000.0,192950000.0,-14665000.0,170790000.0,-274239000.0,-109308000.0,114842000.0,-93000.0,42581000.0,42581000.0,42581000.0,0.0,0.0,0.116,128416000.0,67627000.0,173700000.0,0.346,1.888,12.897,12.846,2565098000.0,0.0,12.525,1.417,1.411,205457000.0,772408000.0,366432000.0,366432000.0,2969000.0,,,,,1945000.0,81177000.0,1.0,162886894.0,162932000,163634000.0,2.249,3153569000.0,7055000.0,22176000.0,369584000.0,19.355,-411511000.0
59,STR,MRQ,2001-09-30,2001-09-30,2001-09-30,2021-08-25,18583000.0,2927974000.0,,273948000.0,2654026000.0,,6.371,-122631000.0,0.0,0.0,27657000.0,23357000.0,0.399,1.808,1336756000.0,479619000.0,857137000.0,1336756000.0,0.0,30604000.0,0.0,0.045,0.087,53840000.0,84444000.0,0.443,84444000.0,53840000.0,33352000.0,0.14,0.14,0.14,1042876000.0,,1042876000.0,2492755459.0,7.0,5.214,-60185000.0,-0.368,1.0,163013000.0,0.855,91663000.0,20488000.0,3485644000.0,,62447000.0,50180000.0,0.0,50180000.0,1885098000.0,687423000.0,1197675000.0,1633687459.0,0.0,-413823000.0,12472000.0,479290000.0,-14237000.0,474605000.0,-536954000.0,-500000.0,62446000.0,-97000.0,23357000.0,23357000.0,23357000.0,0.0,0.0,0.122,116834000.0,46179000.0,186241000.0,0.621,1.567,9.48,9.749,2437448000.0,0.0,10.09,1.143,1.155,107602000.0,744492000.0,190670000.0,190670000.0,1102000.0,,,,,0.0,67368000.0,1.0,161911542.0,163684000,164796000.0,1.165,2836311000.0,0.0,9995000.0,315012000.0,17.328,-413475000.0
60,STR,MRQ,2001-06-30,2001-06-30,2001-06-30,2021-08-25,6993000.0,2345732000.0,,252597000.0,2093135000.0,,6.184,-105291000.0,0.0,0.0,59753000.0,29371000.0,0.628,1.32,859076000.0,197274000.0,661802000.0,859076000.0,0.0,37616000.0,0.0,0.037,0.087,65782000.0,103398000.0,0.46,103398000.0,65782000.0,45420000.0,0.18,0.165,0.18,1011209000.0,,1011209000.0,2853537896.0,8.0,5.858,4813000.0,0.029,1.0,164861000.0,0.734,19401000.0,20362000.0,2783053000.0,,42997000.0,58330000.0,0.0,58330000.0,1334523000.0,402354000.0,932169000.0,2001113896.0,0.0,0.0,3463000.0,-21592000.0,-14164000.0,-3170000.0,-107100000.0,-1809000.0,110104000.0,166000.0,29371000.0,29371000.0,29371000.0,0.0,0.0,0.131,111470000.0,53391000.0,173397000.0,0.483,1.979,11.41,11.679,1941348000.0,0.0,12.38,1.348,1.364,134574000.0,736887000.0,224614000.0,224614000.0,1133000.0,,,,,0.0,65125000.0,1.0,161640864.0,163508000,163276000.0,1.374,2326331000.0,0.0,16049000.0,244618000.0,14.228,-149757000.0
61,STR,MRQ,2001-03-31,2001-03-31,2001-03-31,2021-08-25,-29012000.0,2413758000.0,,368644000.0,2045114000.0,,5.954,-14942000.0,26518000.0,26518000.0,351970000.0,69260000.0,0.687,1.511,878950000.0,209372000.0,669578000.0,878950000.0,0.0,37249000.0,0.0,0.033,0.192,126114000.0,163363000.0,0.29,163363000.0,126114000.0,110522000.0,0.4,0.425,0.4,961402000.0,,961402000.0,3118626885.0,9.0,6.532,75124000.0,0.465,1.0,210668000.0,0.374,19958000.0,15592000.0,2709275000.0,,39294000.0,56475000.0,0.0,56475000.0,1452356000.0,536957000.0,915399000.0,2209753885.0,-9416000.0,0.0,-4764000.0,-42340000.0,-14127000.0,-82521000.0,-16759000.0,-1817000.0,90066000.0,-202000.0,69260000.0,69260000.0,69260000.0,0.0,0.0,0.123,100282000.0,110386000.0,257266000.0,0.48,2.298,12.831,13.11,1871134000.0,0.0,13.7,1.481,1.483,270430000.0,726548000.0,562638000.0,562638000.0,1067000.0,,,,,0.0,62859000.0,1.0,161295904.0,161464000,163038000.0,3.485,2393800000.0,0.0,41262000.0,220425000.0,14.826,-168313000.0
62,STR,MRQ,2000-12-31,2000-12-31,2000-12-31,2021-08-25,12587000.0,2472027000.0,,418945000.0,2053082000.0,,5.908,-99057000.0,9416000.0,9416000.0,290469000.0,50348000.0,0.784,1.595,923684000.0,209147000.0,714537000.0,923684000.0,0.0,36236000.0,0.0,0.023,0.087,90609000.0,126845000.0,0.281,126845000.0,90609000.0,74954000.0,0.315,0.31,0.315,952632000.0,,952632000.0,3271649618.0,11.0,7.44,-64238000.0,-0.398,1.0,161323000.0,0.357,20514000.0,15655000.0,2831217000.0,,40534000.0,67524000.0,0.0,67524000.0,1519395000.0,534564000.0,984831000.0,2420525618.0,-15970000.0,0.0,7198000.0,46963000.0,-14103000.0,35753000.0,-85905000.0,-36388000.0,34819000.0,-637000.0,50348000.0,50348000.0,50348000.0,0.0,0.0,0.111,76770000.0,84553000.0,273884000.0,0.276,2.541,16.193,16.161,1886975000.0,0.0,15.03,1.912,1.909,314547000.0,671415000.0,451792000.0,451792000.0,-311000.0,,,,,0.0,75909000.0,1.0,161046282.0,161232000,163426000.0,2.802,2451513000.0,9694000.0,24606000.0,262631000.0,15.205,-115619000.0
63,STR,MRQ,2000-09-30,2000-09-30,2000-09-30,2021-08-25,29784000.0,2242840000.0,,237751000.0,2005089000.0,,5.771,-53262000.0,25386000.0,25386000.0,91614000.0,26406000.0,0.691,1.422,876510000.0,152458000.0,724052000.0,876510000.0,0.0,37435000.0,0.0,0.024,0.085,56069000.0,93504000.0,0.381,93504000.0,56069000.0,40056000.0,0.165,0.165,0.165,925982000.0,,925982000.0,3121022043.0,13.0,8.011,33059000.0,0.206,1.0,153503000.0,0.626,21453000.0,16013000.0,2728210000.0,,36770000.0,102633000.0,0.0,102633000.0,1316858000.0,344301000.0,972557000.0,2229561043.0,5827000.0,0.0,4071000.0,-33617000.0,-13633000.0,-36993000.0,-43805000.0,9457000.0,86321000.0,304000.0,26406000.0,26406000.0,26406000.0,0.0,0.0,0.108,109983000.0,43520000.0,188469000.0,0.515,2.408,18.869,19.062,1831350000.0,0.0,13.915,2.027,2.03,155556000.0,634766000.0,245117000.0,245117000.0,1621000.0,,,,,0.0,59988000.0,1.0,160227168.0,160446000,161724000.0,1.528,2221387000.0,0.0,13650000.0,202020000.0,13.845,-106550000.0
64,STR,MRQ,2000-06-30,2000-06-30,2000-06-30,2021-08-25,40290000.0,2298040000.0,,230142000.0,2067898000.0,,5.964,-49143000.0,23871000.0,23871000.0,81433000.0,26205000.0,0.746,1.406,911013000.0,146309000.0,764704000.0,911013000.0,0.0,37373000.0,0.0,0.035,0.085,56362000.0,93735000.0,0.403,93735000.0,56362000.0,40080000.0,0.165,0.165,0.165,955236000.0,,955236000.0,2446734275.0,11.0,6.679,-26543000.0,-0.166,1.0,151109000.0,0.65,21961000.0,16282000.0,2854725000.0,,26616000.0,123071000.0,0.0,123071000.0,1342804000.0,308496000.0,1034308000.0,1550358275.0,15702000.0,0.0,-1501000.0,11595000.0,-13609000.0,29482000.0,-36085000.0,13058000.0,22600000.0,-295000.0,26205000.0,26205000.0,26205000.0,0.0,0.0,0.113,106060000.0,45049000.0,158886000.0,0.515,1.623,14.509,14.682,1870609000.0,0.0,9.69,1.494,1.495,173452000.0,657585000.0,232542000.0,232542000.0,0.0,,,,,0.0,58549000.0,1.0,159995694.0,160156000,160704000.0,1.452,2276079000.0,0.0,13875000.0,226100000.0,14.212,-78354000.0
65,STR,MRQ,2000-03-31,2000-03-31,2000-03-31,2021-08-25,50431000.0,2326184000.0,,229045000.0,2097139000.0,,5.907,-104356000.0,41167000.0,41167000.0,149367000.0,50230000.0,0.665,1.438,900226000.0,137000000.0,763226000.0,900226000.0,0.0,37249000.0,0.0,0.036,0.085,95571000.0,132820000.0,0.394,132820000.0,95571000.0,80011000.0,0.31,0.31,0.31,954282000.0,,954282000.0,2330578385.0,11.0,6.591,3971000.0,0.025,1.0,187335000.0,0.556,7550000.0,15560000.0,2833038000.0,,20823000.0,145245000.0,0.0,145245000.0,1371902000.0,344655000.0,1027247000.0,1496431385.0,-4434000.0,0.0,-19575000.0,21290000.0,-13739000.0,-12607000.0,-99807000.0,4549000.0,108327000.0,-347000.0,50230000.0,50230000.0,50230000.0,0.0,0.0,0.149,105195000.0,82140000.0,192590000.0,0.274,1.568,14.428,14.614,1859854000.0,0.0,9.28,1.522,1.525,192638000.0,644989000.0,336702000.0,336702000.0,0.0,,,,,0.0,57036000.0,1.0,161253382.0,161564000,161564000.0,2.084,2318634000.0,0.0,29781000.0,229058000.0,14.351,-115610000.0
66,STR,MRQ,1999-12-31,1999-12-31,1999-12-31,2021-08-25,39057000.0,2184734000.0,,238860000.0,1945874000.0,,5.438,-42475000.0,45018000.0,45018000.0,153710000.0,15316000.0,0.737,1.442,879158000.0,144115000.0,735043000.0,879158000.0,0.0,32472000.0,0.0,0.045,0.085,37060000.0,69532000.0,0.244,69532000.0,37060000.0,21864000.0,0.09,0.095,0.09,894516000.0,,894516000.0,2064417480.0,10.0,6.133,1690000.0,0.01,1.0,131767000.0,0.462,7750000.0,15196000.0,2687165000.0,,37614000.0,120214000.0,0.0,120214000.0,1290218000.0,323959000.0,966259000.0,1236621480.0,8291000.0,0.0,-17030000.0,50399000.0,-14004000.0,-17362000.0,-18566000.0,23909000.0,44165000.0,54000.0,15316000.0,15316000.0,15316000.0,0.0,0.0,0.054,84235000.0,47532000.0,132473000.0,0.944,1.382,12.768,12.821,1733651000.0,0.0,7.5,1.338,1.34,181274000.0,577022000.0,285477000.0,285477000.0,5321000.0,,,,,0.0,65716000.0,1.0,164882864.0,164488000,164488000.0,1.736,2176984000.0,0.0,6548000.0,234515000.0,13.235,-85099000.0
67,STR,MRQ,1999-09-30,1999-09-30,1999-09-30,2021-08-25,43089000.0,2168273000.0,,178682000.0,1989591000.0,,5.711,-52634000.0,0.0,0.0,58752000.0,15102000.0,0.649,1.297,827790000.0,135720000.0,692070000.0,827790000.0,0.0,36127000.0,0.0,0.037,0.085,34142000.0,70269000.0,0.384,70269000.0,34142000.0,20793000.0,0.095,0.09,0.095,943764000.0,,943764000.0,2275273350.0,11.0,6.636,-30691000.0,-0.186,1.0,124318000.0,0.679,1465000.0,13349000.0,2719161000.0,,36374000.0,171691000.0,0.0,171691000.0,1224509000.0,275437000.0,949072000.0,1499349350.0,0.0,0.0,-4815000.0,51666000.0,-14053000.0,36753000.0,-58720000.0,-6086000.0,21943000.0,24000.0,15102000.0,15102000.0,15102000.0,0.0,0.0,0.082,96922000.0,27396000.0,139717000.0,0.895,1.589,14.207,14.164,1771099000.0,0.0,9.065,1.638,1.636,117671000.0,605208000.0,183070000.0,183070000.0,0.0,,,,,0.0,53665000.0,1.0,165399818.0,165244000,165654000.0,1.108,2166808000.0,0.0,5691000.0,231335000.0,13.113,-96755000.0
68,STR,MRQ,1999-06-30,1999-06-30,1999-06-30,2021-08-25,36158000.0,2097077000.0,,141703000.0,1955374000.0,,5.664,-57519000.0,0.0,0.0,56065000.0,23070000.0,0.543,1.239,775924000.0,119735000.0,656189000.0,775924000.0,0.0,35567000.0,0.0,0.035,0.083,45391000.0,80958000.0,0.455,80958000.0,45391000.0,32963000.0,0.14,0.14,0.14,936645000.0,,936645000.0,2324535941.0,12.0,7.139,-18152000.0,-0.11,1.0,121793000.0,0.685,0.0,12428000.0,2612102000.0,,23262000.0,150909000.0,0.0,150909000.0,1160432000.0,260899000.0,899533000.0,1580601941.0,-3240000.0,0.0,-226000.0,27400000.0,-13635000.0,13558000.0,-56247000.0,1272000.0,39367000.0,82000.0,23070000.0,23070000.0,23070000.0,0.0,0.0,0.13,91244000.0,30549000.0,139711000.0,0.593,1.688,16.02,16.076,1754307000.0,0.0,9.565,1.791,1.792,109479000.0,601921000.0,177858000.0,177858000.0,0.0,,,,,0.0,50042000.0,1.0,165248504.0,165356000,165740000.0,1.076,2097077000.0,0.0,9893000.0,216069000.0,12.682,-119196000.0
69,STR,MRQ,1999-03-31,1999-03-31,1999-03-31,2021-08-25,31294000.0,2096676000.0,,183395000.0,1913281000.0,,5.581,-17465000.0,3240000.0,3240000.0,116751000.0,43364000.0,0.561,1.273,747174000.0,133006000.0,614168000.0,747174000.0,0.0,34958000.0,0.0,0.039,0.083,80890000.0,115848000.0,0.417,115848000.0,80890000.0,67919000.0,0.26,0.26,0.26,922552000.0,,922552000.0,2225653990.0,12.0,7.269,84391000.0,0.511,1.0,161063000.0,0.58,0.0,12971000.0,2513882000.0,,21649000.0,137272000.0,0.0,137272000.0,1174124000.0,326728000.0,847396000.0,1400266990.0,-14249000.0,0.0,1620000.0,-96446000.0,-13636000.0,-108443000.0,-7603000.0,9862000.0,101856000.0,-59000.0,43364000.0,43364000.0,43364000.0,0.0,0.0,0.156,93701000.0,67362000.0,181124000.0,0.319,1.518,15.255,15.4,1730951000.0,0.0,8.47,1.584,1.584,148409000.0,594705000.0,277814000.0,277814000.0,0.0,,,,,0.0,51659000.0,1.0,165320778.0,165310000,165544000.0,1.681,2096676000.0,0.0,24555000.0,205562000.0,12.683,-143333000.0
70,STR,MRQ,1998-12-31,1998-12-31,1998-12-31,2021-08-25,18067000.0,2161281000.0,,246867000.0,1914414000.0,,5.318,-251601000.0,17489000.0,17489000.0,124554000.0,23997000.0,0.565,1.462,842876000.0,227106000.0,615770000.0,842876000.0,0.0,30363000.0,0.0,0.034,0.083,45415000.0,75778000.0,0.274,75778000.0,45415000.0,32118000.0,0.145,0.145,0.145,877958000.0,,877958000.0,2388739409.0,14.0,8.081,-186671000.0,-1.131,1.0,152180000.0,0.55,0.0,13297000.0,2549806000.0,,37817000.0,115548000.0,0.0,115548000.0,1283323000.0,436862000.0,846461000.0,1598678409.0,16524000.0,155200000.0,2339000.0,50098000.0,-13619000.0,39760000.0,-87859000.0,8542000.0,64930000.0,-307000.0,23997000.0,23997000.0,23997000.0,0.0,0.0,0.087,109103000.0,43077000.0,170670000.0,0.572,1.821,17.9,17.944,1747641000.0,0.0,9.69,1.764,1.761,177630000.0,564958000.0,276734000.0,276734000.0,6069000.0,,,,,0.0,52809000.0,1.0,164982292.0,165084000,165784000.0,1.676,2161281000.0,9409000.0,8121000.0,234651000.0,13.092,-189995000.0
71,STR,MRQ,1998-09-30,1998-09-30,1998-09-30,2021-08-25,13044000.0,2042574000.0,,162437000.0,1880137000.0,,5.288,-50412000.0,965000.0,965000.0,41086000.0,8235000.0,0.438,1.343,791026000.0,236624000.0,554402000.0,791026000.0,0.0,31673000.0,0.0,0.034,0.083,21356000.0,53029000.0,0.353,53029000.0,21356000.0,9142000.0,0.05,0.05,0.05,871686000.0,,871686000.0,2180304530.0,12.0,7.006,-12148000.0,-0.074,1.0,109196000.0,0.727,0.0,12214000.0,2462042000.0,,37277000.0,113773000.0,0.0,113773000.0,1170888000.0,370593000.0,800295000.0,1585690530.0,965000.0,-155200000.0,2019000.0,198741000.0,-13595000.0,192489000.0,-229788000.0,-24176000.0,38264000.0,0.0,8235000.0,8235000.0,8235000.0,0.0,0.0,0.055,91023000.0,18173000.0,133969000.0,1.66,1.819,15.889,15.909,1715408000.0,0.0,9.625,1.728,1.729,87661000.0,566967000.0,150282000.0,150282000.0,0.0,,,,,0.0,50951000.0,1.0,164747068.0,164834000,165322000.0,0.912,2042574000.0,0.0,907000.0,215336000.0,12.392,-208156000.0
72,STR,MRQ,1998-06-30,1998-06-30,1998-06-30,2021-08-25,20541000.0,1843111000.0,,150431000.0,1692680000.0,,5.329,-48894000.0,0.0,0.0,60250000.0,16196000.0,0.673,1.101,594614000.0,90970000.0,503644000.0,594614000.0,0.0,28711000.0,0.0,0.033,0.083,32821000.0,61532000.0,0.343,61532000.0,32821000.0,21875000.0,0.095,0.095,0.095,877201000.0,,877201000.0,2191510952.0,11.0,6.858,6502000.0,0.039,1.0,118907000.0,0.664,0.0,10946000.0,2214278000.0,,22650000.0,99980000.0,0.0,99980000.0,965910000.0,223447000.0,742463000.0,1614515952.0,0.0,0.0,2125000.0,18961000.0,-13583000.0,7549000.0,-62945000.0,-14051000.0,55396000.0,0.0,16196000.0,16196000.0,16196000.0,0.0,0.0,0.09,93823000.0,25084000.0,132477000.0,0.874,1.841,15.048,15.1,1544998000.0,0.0,9.815,1.783,1.784,104080000.0,572303000.0,179157000.0,179157000.0,0.0,,,,,0.0,53529000.0,1.0,164494748.0,164616000,165728000.0,1.088,1843111000.0,0.0,5679000.0,210859000.0,11.196,-73016000.0
73,STR,MRQ,1998-03-31,1998-03-31,1998-03-31,2021-08-25,30349000.0,1863902000.0,,197656000.0,1666246000.0,,5.366,-25290000.0,0.0,0.0,142042000.0,40882000.0,0.982,1.113,576995000.0,34312000.0,542683000.0,576995000.0,0.0,31507000.0,0.0,0.03,0.079,73736000.0,105243000.0,0.351,105243000.0,73736000.0,62222000.0,0.25,0.245,0.25,882225000.0,,882225000.0,2370765207.0,12.0,7.477,94125000.0,0.572,1.0,158041000.0,0.527,0.0,11514000.0,2239687000.0,,13617000.0,66182000.0,0.0,66182000.0,981677000.0,201210000.0,780467000.0,1708782207.0,-17271000.0,0.0,1083000.0,-102355000.0,-12950000.0,-114173000.0,-22513000.0,2777000.0,119415000.0,0.0,40882000.0,40882000.0,40882000.0,0.0,0.0,0.136,90985000.0,67056000.0,166898000.0,0.316,1.937,16.32,16.362,1525099000.0,0.0,10.39,1.946,1.946,166203000.0,569644000.0,300083000.0,300083000.0,0.0,,,,,0.0,50902000.0,1.0,164464120.0,164416000,165734000.0,1.825,1863902000.0,0.0,21340000.0,211622000.0,11.337,-3554000.0
74,STR,MRQ,1997-12-31,1997-12-31,1997-12-31,2021-08-25,22966000.0,1945017000.0,,285024000.0,1659993000.0,,5.149,-76989000.0,17271000.0,17271000.0,137296000.0,34488000.0,0.931,1.3,679254000.0,137268000.0,541986000.0,679254000.0,0.0,31299000.0,0.0,0.028,0.079,60083000.0,91382000.0,0.317,91382000.0,60083000.0,48479000.0,0.21,0.21,0.21,845778000.0,,845778000.0,,,,-44177000.0,-0.269,1.0,150578000.0,0.523,0.0,11604000.0,2300788000.0,,29068000.0,85877000.0,0.0,85877000.0,1099239000.0,306212000.0,793027000.0,1835008419.0,15548000.0,0.0,-1562000.0,77487000.0,-12922000.0,63330000.0,-80594000.0,-3605000.0,32812000.0,0.0,34488000.0,34488000.0,34488000.0,0.0,0.0,0.12,96135000.0,54443000.0,134976000.0,0.376,2.17,17.51,17.571,1531220000.0,0.0,11.158,1.96,1.958,187014000.0,541663000.0,287874000.0,287874000.0,0.0,,,,,0.0,51382000.0,1.0,164464120.0,164260000,165454000.0,1.753,1945017000.0,10923000.0,13991000.0,247214000.0,11.841,-21188000.0
75,STR,MRQ,1997-09-30,1997-09-30,1997-09-30,2021-08-25,,,,,,,,-50732000.0,,,35665000.0,15726000.0,,,,,,,,29339000.0,,0.03,0.079,32051000.0,61390000.0,0.443,61390000.0,32051000.0,21375000.0,0.095,0.095,0.095,,,,,,,-17714000.0,-0.108,1.0,102967000.0,0.743,,10676000.0,,,,,,,,,,,1723000.0,0.0,-1063000.0,28363000.0,-12969000.0,14638000.0,-45933000.0,4799000.0,33018000.0,0.0,15726000.0,15726000.0,15726000.0,0.0,0.0,0.113,82625000.0,20342000.0,,0.832,,,,,0.0,10.158,,,,,138632000.0,138632000.0,0.0,,,,,0.0,48025000.0,1.0,,164508000,165676000.0,0.843,,,5649000.0,,,
76,STR,MRQ,1997-06-30,1997-06-30,1997-06-30,2021-08-25,,,,,,,,-43012000.0,,,37548000.0,13607000.0,,,,,,,,30818000.0,,0.03,0.076,28259000.0,59077000.0,0.39,59077000.0,28259000.0,17660000.0,0.08,0.08,0.08,,,,,,,19593000.0,0.119,1.0,113905000.0,0.752,,10599000.0,,,,,,,,,,,0.0,0.0,-982000.0,-9289000.0,-12624000.0,-22825000.0,-39780000.0,3232000.0,62605000.0,0.0,13607000.0,13607000.0,13607000.0,0.0,0.0,0.09,90457000.0,23448000.0,,0.95,,,,,0.0,10.095,,,,,151453000.0,151453000.0,0.0,,,,,0.0,51349000.0,1.0,,164354000,165268000.0,0.922,,,4053000.0,,,
77,STR,MRQ,1997-03-31,1997-03-31,1997-03-31,2021-08-25,,,,,,,,-16068000.0,,,189432000.0,40974000.0,,,,,,,,31061000.0,,0.033,0.076,73770000.0,104831000.0,0.293,104831000.0,73770000.0,62883000.0,0.25,0.247,0.25,,,,,,,58175000.0,0.354,1.0,168946000.0,0.471,,10887000.0,,,,,,,,,,,-5703000.0,0.0,2316000.0,-53593000.0,-12620000.0,-63842000.0,-16104000.0,-36000.0,74243000.0,0.0,40974000.0,40974000.0,40974000.0,0.0,0.0,0.114,97024000.0,71922000.0,,0.304,,,,,0.0,9.0,,,,,358378000.0,358378000.0,0.0,,,,,0.0,54078000.0,1.0,,164212000,164940000.0,2.182,,,21909000.0,,,
78,STR,MRQ,1996-12-31,1996-12-31,1996-12-31,2021-08-25,7229000.0,1816225000.0,,244267000.0,1571958000.0,,4.728,,5703000.0,5703000.0,,,1.0,1.352,638014000.0,82505000.0,555509000.0,638014000.0,0.0,,0.0,0.032,0.076,,,,,,,,,,772085000.0,,772085000.0,,,,,,1.0,,,0.0,,2204220000.0,,22343000.0,57804000.0,0.0,57804000.0,1044140000.0,244316000.0,799824000.0,,,,,,,,,,,,,,,,,,,,136773000.0,,,,15.312,1477336000.0,,9.188,,1.834,188816000.0,487799000.0,,,,,,,,,,1.0,,163310000,,,1816225000.0,11223000.0,,218760000.0,11.121,-49000.0
0,STR,MRT,2016-06-30,2016-06-30,2016-06-30,2021-08-25,-180800000.0,4140600000.0,4219750000.0,162600000.0,3978000000.0,0.27,7.729,-326500000.0,0.0,0.0,231000000.0,195100000.0,0.247,2.044,1462200000.0,464300000.0,997900000.0,1462200000.0,0.0,230400000.0,0.0,0.034,0.86,359300000.0,589700000.0,0.518,589700000.0,359300000.0,296700000.0,1.11,1.11,1.11,1360300000.0,1332350000.0,1360300000.0,5901822930.0,16.0,10.008,228600000.0,1.299,1.0,906400000.0,0.797,0.0,62600000.0,4944600000.0,4987225000.0,54000000.0,23500000.0,0.0,23500000.0,2780300000.0,658200000.0,2122100000.0,4449822930.0,0.0,-17300000.0,-16100000.0,-43800000.0,-151400000.0,-211700000.0,-343400000.0,0.0,555100000.0,0.0,195100000.0,195100000.0,195100000.0,0.0,0.0,0.172,554200000.0,352200000.0,159700000.0,0.775,3.271,22.808,22.856,3889200000.0,0.0,25.37,3.912,3.926,67600000.0,1065500000.0,1137400000.0,1137400000.0,0.0,0.046,0.146,0.072,0.316,10500000.0,286900000.0,1.0,175397041.0,176000000,176200000.0,6.463,4140600000.0,0.0,101600000.0,783700000.0,23.526,-495600000.0
1,STR,MRT,2016-03-31,2016-03-31,2016-03-31,2021-08-25,-182900000.0,4179200000.0,4202125000.0,234600000.0,3944600000.0,0.277,7.74,-310000000.0,400000.0,400000.0,251100000.0,202600000.0,0.335,2.071,1452400000.0,459700000.0,992700000.0,1452400000.0,0.0,225700000.0,0.0,0.034,0.85,370700000.0,596400000.0,0.513,596400000.0,370700000.0,307800000.0,1.15,1.15,1.15,1360700000.0,1319475000.0,1360700000.0,6028302963.0,16.0,10.108,211000000.0,1.2,1.0,911500000.0,0.784,0.0,62900000.0,4930700000.0,4967350000.0,39700000.0,23700000.0,0.0,23700000.0,2818500000.0,700500000.0,2118000000.0,4340202963.0,-4400000.0,-17900000.0,-16800000.0,-31800000.0,-149600000.0,-198700000.0,-326700000.0,0.0,521000000.0,0.0,202600000.0,202600000.0,202600000.0,0.0,0.0,0.174,548400000.0,363100000.0,177200000.0,0.739,3.19,21.423,21.565,3860500000.0,0.0,24.8,3.733,3.75,165800000.0,1071200000.0,1162600000.0,1162600000.0,0.0,0.048,0.154,0.075,0.319,10900000.0,288900000.0,1.0,175008184.0,175800000,176100000.0,6.613,4179200000.0,0.0,105200000.0,776000000.0,23.772,-465900000.0
2,STR,MRT,2015-12-31,2015-12-31,2015-12-31,2021-08-25,-185300000.0,4371800000.0,4178500000.0,440100000.0,3931700000.0,0.272,7.468,-319000000.0,25000000.0,25000000.0,226500000.0,208700000.0,0.468,2.324,1707100000.0,708900000.0,998200000.0,1707100000.0,0.0,223500000.0,0.0,0.043,0.84,382300000.0,605800000.0,0.534,605800000.0,382300000.0,319300000.0,1.18,1.18,1.18,1315100000.0,1303875000.0,1315100000.0,4995006041.0,13.0,8.245,92400000.0,0.525,1.0,908400000.0,0.8,0.0,63000000.0,5113800000.0,4951350000.0,73500000.0,23900000.0,0.0,23900000.0,3056700000.0,940100000.0,2116600000.0,3406006041.0,-7000000.0,-17600000.0,-19800000.0,84300000.0,-148000000.0,-82900000.0,-335500000.0,0.0,411400000.0,0.0,208700000.0,208700000.0,208700000.0,0.0,0.0,0.184,534000000.0,374400000.0,224800000.0,0.712,2.59,16.32,16.508,3848700000.0,0.0,19.48,3.001,3.023,259300000.0,1031400000.0,1134900000.0,1134900000.0,0.0,0.05,0.16,0.077,0.337,11400000.0,290600000.0,1.0,174846306.0,176100000,176300000.0,6.445,4371800000.0,0.0,110600000.0,779500000.0,24.826,-500000000.0
3,STR,MRT,2015-09-30,2015-09-30,2015-09-30,2021-08-25,-189400000.0,4187400000.0,4146525000.0,276300000.0,3911100000.0,0.276,7.34,-361300000.0,0.0,0.0,227000000.0,220300000.0,0.338,2.238,1589000000.0,584600000.0,1004400000.0,1589000000.0,0.0,233600000.0,0.0,0.042,0.82,405700000.0,639300000.0,0.559,639300000.0,405700000.0,342500000.0,1.25,1.25,1.25,1293300000.0,1286650000.0,1293300000.0,4923683839.0,12.0,7.702,83800000.0,0.476,1.0,916400000.0,0.801,0.0,63200000.0,4959800000.0,4975725000.0,104700000.0,24500000.0,0.0,24500000.0,2894100000.0,816600000.0,2077500000.0,3411083839.0,-7300000.0,-5000000.0,-17300000.0,72600000.0,-144600000.0,-88200000.0,-364200000.0,0.0,445100000.0,0.0,220300000.0,220300000.0,220300000.0,0.0,0.0,0.193,520100000.0,396300000.0,225900000.0,0.656,2.638,15.484,15.528,3816000000.0,0.0,19.41,2.983,2.991,73500000.0,1017300000.0,1143400000.0,1143400000.0,0.0,0.053,0.171,0.082,0.355,12600000.0,307500000.0,1.0,175738477.0,176200000,176300000.0,6.489,4187400000.0,0.0,122200000.0,733700000.0,23.765,-540300000.0
4,STR,MRT,2015-06-30,2015-06-30,2015-06-30,2021-08-25,-193800000.0,4070100000.0,4109150000.0,193500000.0,3876600000.0,0.282,7.42,-375800000.0,0.0,0.0,241400000.0,226300000.0,0.272,2.11,1506100000.0,507500000.0,998600000.0,1506100000.0,0.0,229300000.0,0.0,0.038,0.8,413000000.0,642300000.0,0.554,642300000.0,413000000.0,349800000.0,1.29,1.29,1.29,1308800000.0,1283150000.0,1308800000.0,5166256363.0,13.0,8.043,85200000.0,0.483,1.0,917600000.0,0.792,0.0,63200000.0,4865100000.0,5005150000.0,61300000.0,24300000.0,0.0,24300000.0,2761300000.0,711100000.0,2050200000.0,3674156363.0,0.0,-4900000.0,-1900000.0,51600000.0,-141000000.0,-90100000.0,-370900000.0,0.0,461000000.0,0.0,226300000.0,226300000.0,226300000.0,0.0,0.0,0.195,514700000.0,402900000.0,201000000.0,0.62,2.807,16.236,16.209,3784700000.0,0.0,20.91,3.17,3.183,64900000.0,1021800000.0,1159000000.0,1159000000.0,0.0,0.055,0.176,0.083,0.356,12700000.0,307600000.0,1.0,175712882.0,176400000,176600000.0,6.57,4070100000.0,0.0,123500000.0,707300000.0,23.073,-517600000.0
5,STR,MRT,2015-03-31,2015-03-31,2015-03-31,2021-08-25,-197500000.0,4084700000.0,4079425000.0,243600000.0,3841100000.0,0.285,7.368,-379300000.0,4800000.0,4800000.0,232000000.0,226000000.0,0.349,2.146,1483900000.0,491400000.0,992500000.0,1483900000.0,0.0,233400000.0,0.0,0.033,0.78,413800000.0,647200000.0,0.557,647200000.0,413800000.0,350600000.0,1.29,1.29,1.29,1298300000.0,1273325000.0,1298300000.0,5785901681.0,14.0,8.94,74800000.0,0.425,1.0,929000000.0,0.8,0.0,63200000.0,4866700000.0,5042150000.0,41100000.0,24500000.0,0.0,24500000.0,2786400000.0,697100000.0,2089300000.0,4187301681.0,-800000.0,-4500000.0,-1200000.0,56100000.0,-137400000.0,-80800000.0,-374100000.0,0.0,454100000.0,0.0,226000000.0,226000000.0,226000000.0,0.0,0.0,0.195,524900000.0,404100000.0,200500000.0,0.605,3.225,18.528,18.496,3755900000.0,0.0,23.86,3.607,3.621,146000000.0,1018200000.0,1161000000.0,1161000000.0,0.0,0.055,0.177,0.082,0.356,12400000.0,311400000.0,1.0,175494622.0,176200000,176500000.0,6.589,4084700000.0,0.0,124600000.0,708400000.0,23.182,-453500000.0
6,STR,MRT,2014-12-31,2014-12-31,2014-12-31,2021-08-25,-201300000.0,4243900000.0,4051850000.0,408700000.0,3835200000.0,0.294,7.089,-371500000.0,32000000.0,32000000.0,252500000.0,226500000.0,0.658,2.405,1630600000.0,373100000.0,1257500000.0,1630600000.0,0.0,234400000.0,29400000.0,0.03,0.75,415500000.0,649900000.0,0.546,649900000.0,415500000.0,352400000.0,1.29,1.29,1.29,1246200000.0,1262800000.0,1246200000.0,5941485559.0,14.0,9.142,72100000.0,0.41,1.0,936800000.0,0.788,9800000.0,63100000.0,5211300000.0,5077075000.0,74100000.0,24700000.0,0.0,24700000.0,2997700000.0,621400000.0,2376300000.0,4430485559.0,16000000.0,-4800000.0,-1200000.0,70100000.0,-131900000.0,-60800000.0,-366800000.0,0.0,443600000.0,0.0,226500000.0,226500000.0,226500000.0,0.0,0.0,0.19,531400000.0,405400000.0,116000000.0,0.581,3.555,19.561,19.597,3735500000.0,0.0,25.28,3.725,3.737,211800000.0,970700000.0,1189300000.0,1189300000.0,0.0,0.056,0.179,0.082,0.349,12400000.0,316900000.0,1.0,175256549.0,175800000,176100000.0,6.765,4234100000.0,0.0,125900000.0,745300000.0,24.085,-212700000.0
7,STR,MRT,2014-09-30,2014-09-30,2014-09-30,2021-08-25,-133800000.0,4037900000.0,4004450000.0,277100000.0,3760800000.0,0.303,7.277,-344900000.0,7300000.0,7300000.0,275700000.0,232100000.0,0.588,2.156,1518300000.0,235000000.0,1283300000.0,1518300000.0,0.0,222200000.0,0.0,0.033,0.74,425600000.0,647800000.0,0.534,647800000.0,425600000.0,364100000.0,1.32,1.32,1.32,1279300000.0,1250950000.0,1279300000.0,5369785850.0,13.0,8.289,95700000.0,0.544,1.0,938300000.0,0.773,0.0,61500000.0,5077500000.0,5033025000.0,94500000.0,24900000.0,0.0,24900000.0,2758600000.0,471400000.0,2287200000.0,3906985850.0,7300000.0,-4400000.0,-2700000.0,25600000.0,-130100000.0,-93400000.0,-339900000.0,0.0,440600000.0,0.0,232100000.0,232100000.0,232100000.0,0.0,0.0,0.191,522000000.0,416300000.0,225400000.0,0.561,3.054,16.833,16.886,3667100000.0,0.0,22.29,3.218,3.228,70100000.0,941600000.0,1214000000.0,1214000000.0,0.0,0.058,0.186,0.085,0.351,11000000.0,307000000.0,1.0,175279760.0,175800000,176100000.0,6.906,4037900000.0,14700000.0,132000000.0,718500000.0,22.969,-194300000.0
8,STR,MRT,2014-06-30,2014-06-30,2014-06-30,2021-08-25,-136300000.0,3951200000.0,3960250000.0,225200000.0,3726000000.0,0.304,7.221,-445200000.0,0.0,0.0,281400000.0,174300000.0,0.562,2.112,1462800000.0,178800000.0,1284000000.0,1462800000.0,0.0,218700000.0,0.0,0.029,0.73,338400000.0,557100000.0,0.462,557100000.0,338400000.0,278700000.0,0.99,0.99,0.99,1269500000.0,1195775000.0,1269500000.0,5780618642.0,17.0,10.376,3100000.0,0.018,1.0,924300000.0,0.767,0.0,59700000.0,5013100000.0,4959600000.0,54200000.0,25000000.0,0.0,25000000.0,2681700000.0,400900000.0,2280800000.0,4343618642.0,0.0,-4400000.0,-2500000.0,117500000.0,-128200000.0,400000.0,-448700000.0,0.0,448300000.0,0.0,174300000.0,174300000.0,174300000.0,0.0,0.0,0.145,596300000.0,328000000.0,208500000.0,0.737,3.422,24.92,25.051,3631500000.0,0.0,24.8,3.603,3.616,87900000.0,936400000.0,1205700000.0,1205700000.0,0.0,0.044,0.146,0.068,0.281,7900000.0,302600000.0,1.0,175145913.0,175800000,176100000.0,6.858,3951200000.0,14500000.0,104400000.0,711000000.0,22.476,-175700000.0
9,STR,MRT,2014-03-31,2014-03-31,2014-03-31,2021-08-25,-139100000.0,3974400000.0,3911475000.0,276200000.0,3698200000.0,0.307,7.15,-489400000.0,5600000.0,5600000.0,294400000.0,173400000.0,0.682,2.164,1442600000.0,157900000.0,1284700000.0,1442600000.0,0.0,208800000.0,0.0,0.03,0.72,335100000.0,543900000.0,0.453,543900000.0,335100000.0,276900000.0,0.98,0.98,0.98,1256200000.0,1153825000.0,1256200000.0,5710633202.0,17.0,10.499,19600000.0,0.112,1.0,905600000.0,0.755,0.0,58200000.0,5006400000.0,4880950000.0,31900000.0,25200000.0,0.0,25200000.0,2718200000.0,405000000.0,2313200000.0,4164233202.0,-1600000.0,-5300000.0,-2500000.0,99400000.0,-126400000.0,-16400000.0,-494200000.0,0.0,509000000.0,0.0,173400000.0,173400000.0,173400000.0,0.0,0.0,0.144,582900000.0,322700000.0,229900000.0,0.735,3.315,24.015,24.265,3601900000.0,0.0,23.78,3.47,3.482,186900000.0,929600000.0,1200000000.0,1200000000.0,0.0,0.044,0.15,0.069,0.279,10300000.0,300500000.0,1.0,175114937.0,175700000,176100000.0,6.83,3974400000.0,14500000.0,103500000.0,712600000.0,22.62,-128800000.0
10,STR,MRT,2013-12-31,2013-12-31,2013-12-31,2021-08-25,-141800000.0,4054300000.0,3862050000.0,351900000.0,3702400000.0,0.316,6.835,-503700000.0,16000000.0,16000000.0,343300000.0,161200000.0,0.633,2.382,1562400000.0,276900000.0,1285500000.0,1562400000.0,0.0,201800000.0,19800000.0,0.031,0.71,319400000.0,521200000.0,0.427,521200000.0,319400000.0,262500000.0,0.92,0.92,0.92,1198800000.0,1111300000.0,1198800000.0,5518368381.0,17.0,10.588,-1600000.0,-0.009,1.0,876700000.0,0.719,9800000.0,56900000.0,5035100000.0,4791225000.0,63700000.0,25600000.0,0.0,25600000.0,2855500000.0,555800000.0,2299700000.0,4024868381.0,-800000.0,-4900000.0,-1900000.0,117600000.0,-124600000.0,5100000.0,-508000000.0,0.0,502100000.0,0.0,161200000.0,161200000.0,161200000.0,0.0,0.0,0.132,570900000.0,305800000.0,158000000.0,0.772,3.357,24.968,24.989,3603000000.0,0.0,22.99,3.299,3.305,217200000.0,876100000.0,1220000000.0,1220000000.0,0.0,0.042,0.145,0.067,0.262,10200000.0,295300000.0,1.0,175070395.0,175400000,176000000.0,6.956,4044500000.0,9700000.0,101300000.0,741900000.0,23.059,-203900000.0
11,STR,MRT,2013-09-30,2013-09-30,2013-09-30,2021-08-25,-230700000.0,3861100000.0,3799300000.0,217200000.0,3643900000.0,0.307,6.032,-488700000.0,0.0,0.0,305700000.0,156900000.0,0.381,2.647,1493500000.0,357400000.0,1136100000.0,1493500000.0,0.0,196600000.0,0.0,0.031,0.7,306000000.0,502600000.0,0.431,502600000.0,306000000.0,249700000.0,0.89,0.88,0.89,1058600000.0,1070500000.0,1058600000.0,5284064060.0,17.0,10.513,17000000.0,0.097,1.0,859400000.0,0.738,0.0,56300000.0,4783800000.0,4700925000.0,83400000.0,25800000.0,0.0,25800000.0,2802500000.0,570800000.0,2231700000.0,3937864060.0,0.0,-3600000.0,-14500000.0,126000000.0,-122800000.0,-17900000.0,-487800000.0,0.0,505700000.0,0.0,156900000.0,156900000.0,156900000.0,0.0,0.0,0.135,567600000.0,291800000.0,211600000.0,0.787,3.72,25.098,25.27,3545900000.0,0.0,22.49,3.38,3.388,69700000.0,839600000.0,1165100000.0,1165100000.0,0.0,0.041,0.147,0.065,0.263,10100000.0,292800000.0,1.0,175094000.0,175500000,175500000.0,6.639,3861100000.0,8800000.0,92800000.0,645900000.0,22.001,-353600000.0
12,STR,MRT,2013-06-30,2013-06-30,2013-06-30,2021-08-25,-236400000.0,3756100000.0,3729625000.0,207400000.0,3548700000.0,0.31,6.277,-372800000.0,0.0,0.0,294500000.0,209900000.0,0.514,2.409,1346200000.0,209300000.0,1136900000.0,1346200000.0,0.0,195100000.0,0.0,0.029,0.69,387700000.0,582800000.0,0.504,582800000.0,387700000.0,330800000.0,1.2,1.18,1.2,1101700000.0,1068250000.0,1101700000.0,5510236517.0,14.0,9.455,127500000.0,0.726,1.0,862800000.0,0.746,0.0,56900000.0,4698500000.0,4592825000.0,45500000.0,25900000.0,0.0,25900000.0,2654400000.0,403800000.0,2250600000.0,4175036517.0,0.0,-3500000.0,-28600000.0,19600000.0,-121000000.0,-132500000.0,-367800000.0,0.0,500300000.0,0.0,209900000.0,209900000.0,209900000.0,0.0,0.0,0.181,488000000.0,374800000.0,186500000.0,0.575,3.79,19.891,19.875,3452900000.0,0.0,23.85,3.608,3.617,98900000.0,890400000.0,1157300000.0,1157300000.0,0.0,0.056,0.196,0.084,0.335,13000000.0,297800000.0,1.0,175053942.0,175500000,176300000.0,6.594,3756100000.0,17200000.0,120900000.0,667400000.0,21.402,-196400000.0
13,STR,MRT,2013-03-31,2013-03-31,2013-03-31,2021-08-25,-241300000.0,3776700000.0,3664950000.0,294000000.0,3482700000.0,0.314,6.196,-350500000.0,7200000.0,7200000.0,288200000.0,209700000.0,0.633,2.477,1342400000.0,204800000.0,1137600000.0,1342400000.0,0.0,193100000.0,0.0,0.028,0.672,388500000.0,581600000.0,0.506,581600000.0,388500000.0,330800000.0,1.2,1.18,1.2,1086100000.0,1055825000.0,1086100000.0,5687218793.0,15.0,9.779,102500000.0,0.585,1.0,861900000.0,0.749,0.0,57700000.0,4647500000.0,4498050000.0,39800000.0,26100000.0,0.0,26100000.0,2690600000.0,464400000.0,2226200000.0,4260118793.0,-900000.0,-2800000.0,-78200000.0,89400000.0,-118200000.0,-109100000.0,-344800000.0,0.0,453000000.0,0.0,209700000.0,209700000.0,209700000.0,0.0,0.0,0.182,485700000.0,376200000.0,222800000.0,0.56,3.922,20.315,20.275,3388400000.0,0.0,24.33,3.704,3.708,191700000.0,882600000.0,1150100000.0,1150100000.0,0.0,0.057,0.199,0.086,0.338,10300000.0,297800000.0,1.0,175097361.0,175300000,176100000.0,6.561,3776700000.0,17200000.0,121100000.0,636100000.0,21.544,-170400000.0
14,STR,MRT,2012-12-31,2012-12-31,2012-12-31,2021-08-25,-246300000.0,3803300000.0,3605725000.0,345700000.0,3457600000.0,0.305,5.867,-370700000.0,16800000.0,16800000.0,240200000.0,212000000.0,0.632,2.673,1443900000.0,305700000.0,1138200000.0,1443900000.0,0.0,189200000.0,30200000.0,0.034,0.665,386400000.0,575600000.0,0.524,575600000.0,386400000.0,328500000.0,1.2,1.19,1.2,1035600000.0,1054550000.0,1035600000.0,4826155690.0,12.0,8.385,97000000.0,0.55,1.0,858700000.0,0.781,9800000.0,57900000.0,4673900000.0,4406450000.0,63500000.0,26500000.0,0.0,26500000.0,2767700000.0,546700000.0,2221000000.0,3459655690.0,5200000.0,-3000000.0,-80300000.0,100500000.0,-117400000.0,-97200000.0,-365300000.0,0.0,467700000.0,0.0,212000000.0,212000000.0,212000000.0,0.0,0.0,0.193,483000000.0,375700000.0,167500000.0,0.554,3.341,16.319,16.467,3363200000.0,0.0,19.76,3.148,3.174,192600000.0,839500000.0,1098900000.0,1098900000.0,0.0,0.059,0.201,0.088,0.352,9900000.0,301600000.0,1.0,175083790.0,176500000,177500000.0,6.226,3793500000.0,13000000.0,116500000.0,631400000.0,21.493,-201000000.0
15,STR,MRT,2012-09-30,2012-09-30,2012-09-30,2021-08-25,-213700000.0,3582400000.0,3538100000.0,228200000.0,3354200000.0,0.314,5.984,-388600000.0,0.0,0.0,259800000.0,209800000.0,0.382,2.413,1366500000.0,377600000.0,988900000.0,1366500000.0,0.0,185200000.0,0.0,0.032,0.657,384600000.0,569800000.0,0.513,569800000.0,384600000.0,327600000.0,1.18,1.17,1.18,1049600000.0,1054025000.0,1049600000.0,4897569900.0,13.0,8.595,40500000.0,0.231,1.0,850900000.0,0.766,0.0,57000000.0,4351400000.0,4299500000.0,87800000.0,26800000.0,0.0,26800000.0,2532800000.0,597500000.0,1935300000.0,3571969900.0,0.0,-4200000.0,-67700000.0,131400000.0,-116500000.0,-40800000.0,-388300000.0,0.0,429100000.0,0.0,209800000.0,209800000.0,209800000.0,0.0,0.0,0.189,477200000.0,373700000.0,215600000.0,0.557,3.403,17.026,17.229,3261200000.0,0.0,20.33,3.216,3.21,70600000.0,805500000.0,1110700000.0,1110700000.0,0.0,0.059,0.199,0.089,0.346,9600000.0,305100000.0,1.0,175699454.0,175400000,176500000.0,6.332,3582400000.0,6500000.0,117800000.0,563500000.0,20.424,-369300000.0
16,STR,MRT,2012-06-30,2012-06-30,2012-06-30,2021-08-25,-217800000.0,3497400000.0,3474600000.0,195900000.0,3301500000.0,0.321,5.937,-415100000.0,0.0,0.0,274300000.0,212100000.0,0.389,2.325,1325600000.0,334000000.0,991600000.0,1325600000.0,0.0,179900000.0,0.0,0.031,0.64,386800000.0,566700000.0,0.508,566700000.0,386800000.0,331000000.0,1.19,1.18,1.19,1052000000.0,1065125000.0,1052000000.0,4962705148.0,13.0,8.757,9500000.0,0.054,1.0,841300000.0,0.754,0.0,55800000.0,4319400000.0,4211600000.0,59300000.0,27100000.0,0.0,27100000.0,2445400000.0,503600000.0,1941800000.0,3717205148.0,0.0,-4100000.0,-53300000.0,152800000.0,-113800000.0,-5900000.0,-418700000.0,0.0,424600000.0,0.0,212100000.0,212100000.0,212100000.0,0.0,0.0,0.19,467400000.0,373900000.0,164500000.0,0.538,3.533,17.526,17.529,3210800000.0,0.0,20.86,3.332,3.313,85500000.0,801500000.0,1115600000.0,1115600000.0,0.0,0.061,0.199,0.092,0.347,9400000.0,298800000.0,1.0,178197754.0,177200000,178300000.0,6.296,3497400000.0,16200000.0,118900000.0,566000000.0,19.737,-307700000.0
17,STR,MRT,2012-03-31,2012-03-31,2012-03-31,2021-08-25,-226100000.0,3539800000.0,3405600000.0,274200000.0,3265600000.0,0.338,6.066,-395900000.0,8100000.0,8100000.0,317500000.0,213200000.0,0.544,2.275,1253600000.0,261400000.0,992200000.0,1253600000.0,0.0,173900000.0,0.0,0.033,0.63,387700000.0,561600000.0,0.488,561600000.0,387700000.0,332200000.0,1.19,1.18,1.19,1081000000.0,1078650000.0,1081000000.0,4718872015.0,12.0,8.403,85000000.0,0.477,1.0,832600000.0,0.724,0.0,55500000.0,4281100000.0,4122350000.0,44900000.0,27000000.0,0.0,27000000.0,2458800000.0,504200000.0,1954600000.0,3426972015.0,8100000.0,-3700000.0,-4400000.0,34300000.0,-112100000.0,-73500000.0,-399300000.0,0.0,480900000.0,0.0,213200000.0,213200000.0,213200000.0,0.0,0.0,0.185,457600000.0,375000000.0,180400000.0,0.529,3.17,16.074,16.185,3175100000.0,0.0,19.26,2.98,2.984,172500000.0,791100000.0,1150100000.0,1150100000.0,0.0,0.063,0.198,0.094,0.337,9300000.0,295200000.0,1.0,177932088.0,178200000,179300000.0,6.454,3539800000.0,16200000.0,119000000.0,540000000.0,19.864,-230000000.0
18,STR,MRT,2011-12-31,2011-12-31,2011-12-31,2021-08-25,-226100000.0,3532800000.0,3337525000.0,335400000.0,3197400000.0,0.358,5.826,-367700000.0,11600000.0,11600000.0,374000000.0,207900000.0,0.59,2.418,1303500000.0,310500000.0,993000000.0,1303500000.0,0.0,169400000.0,25000000.0,0.031,0.62,381100000.0,550500000.0,0.461,550500000.0,381100000.0,324300000.0,1.17,1.16,1.17,1033500000.0,1080825000.0,1033500000.0,4720873967.0,12.0,8.576,121300000.0,0.684,1.0,820400000.0,0.687,9800000.0,56800000.0,4246100000.0,4042675000.0,66000000.0,27300000.0,0.0,27300000.0,2499300000.0,568800000.0,1930500000.0,3526873967.0,-10200000.0,-3500000.0,2700000.0,-30100000.0,-110100000.0,-128300000.0,-370900000.0,0.0,489000000.0,0.0,207900000.0,207900000.0,207900000.0,0.0,0.0,0.174,453500000.0,366900000.0,175700000.0,0.53,3.413,16.964,16.974,3098400000.0,0.0,19.86,2.953,2.95,199300000.0,744900000.0,1194400000.0,1194400000.0,0.0,0.062,0.192,0.094,0.319,10100000.0,293800000.0,1.0,177586806.0,177400000,178800000.0,6.733,3523000000.0,16100000.0,116400000.0,531700000.0,19.859,-233400000.0
19,STR,MRT,2011-09-30,2011-09-30,2011-09-30,2021-08-25,-126800000.0,3328400000.0,3297725000.0,220200000.0,3108200000.0,0.365,6.163,-365300000.0,0.0,0.0,389600000.0,210000000.0,0.421,2.042,1194000000.0,312600000.0,881400000.0,1194000000.0,0.0,166800000.0,0.0,0.034,0.598,384300000.0,551100000.0,0.458,551100000.0,384300000.0,325500000.0,1.19,1.17,1.19,1094000000.0,1081475000.0,1094000000.0,4268965104.0,11.0,7.746,139500000.0,0.786,1.0,812700000.0,0.676,0.0,58800000.0,3999800000.0,3983500000.0,74000000.0,27600000.0,0.0,27600000.0,2234400000.0,522600000.0,1711800000.0,3143665104.0,0.0,-12000000.0,6500000.0,-48500000.0,-105900000.0,-128400000.0,-376400000.0,0.0,504800000.0,0.0,210000000.0,210000000.0,210000000.0,0.0,0.0,0.175,444600000.0,368100000.0,206800000.0,0.503,2.874,14.97,14.882,3011000000.0,0.0,17.71,2.615,2.615,87400000.0,712200000.0,1202300000.0,1202300000.0,0.0,0.064,0.194,0.096,0.32,10100000.0,287900000.0,1.0,177507911.0,177500000,178900000.0,6.774,3328400000.0,14400000.0,115500000.0,548500000.0,18.752,-302400000.0
20,STR,MRT,2011-06-30,2011-06-30,2011-06-30,2021-08-25,-103500000.0,3221400000.0,3257400000.0,197300000.0,3024100000.0,0.369,6.232,-324200000.0,0.0,0.0,394800000.0,201600000.0,0.513,1.912,1125300000.0,223500000.0,901800000.0,1125300000.0,0.0,164900000.0,0.0,0.033,0.585,374000000.0,538900000.0,0.449,538900000.0,374000000.0,314400000.0,1.13,1.12,1.13,1106100000.0,1051575000.0,1106100000.0,4311310665.0,12.0,8.0,147700000.0,0.832,1.0,806000000.0,0.671,0.0,59600000.0,3962400000.0,3889350000.0,40200000.0,27400000.0,0.0,27400000.0,2115300000.0,384300000.0,1731000000.0,3143210665.0,0.0,4600000.0,8900000.0,-61800000.0,-103400000.0,-152600000.0,-319300000.0,0.0,471900000.0,0.0,201600000.0,201600000.0,201600000.0,0.0,0.0,0.168,447300000.0,358700000.0,136000000.0,0.518,2.842,15.591,15.673,2934300000.0,0.0,17.71,2.618,2.618,100100000.0,703200000.0,1200800000.0,1200800000.0,0.0,0.062,0.192,0.096,0.311,11700000.0,292400000.0,1.0,177482251.0,177500000,178800000.0,6.765,3221400000.0,14800000.0,112800000.0,536500000.0,18.149,-187000000.0
21,STR,MRT,2011-03-31,2011-03-31,2011-03-31,2021-08-25,-104000000.0,3267500000.0,3221375000.0,282000000.0,2985500000.0,0.366,6.156,-335400000.0,0.0,0.0,382100000.0,258800000.0,0.596,1.999,1168100000.0,269600000.0,898500000.0,1168100000.0,0.0,163000000.0,0.0,0.032,0.562,425600000.0,588600000.0,0.499,588600000.0,425600000.0,366800000.0,1.47,1.45,1.47,1089700000.0,1017750000.0,1089700000.0,4385432894.0,10.0,7.451,354300000.0,2.002,1.0,796900000.0,0.676,0.0,58800000.0,3962400000.0,3799475000.0,32500000.0,27800000.0,0.0,27800000.0,2177800000.0,473200000.0,1704600000.0,3084732894.0,0.0,-245600000.0,10100000.0,169000000.0,-99000000.0,172900000.0,-862600000.0,53000000.0,689700000.0,0.0,258800000.0,258800000.0,258800000.0,-68800000.0,0.0,0.22,455600000.0,341300000.0,165100000.0,0.382,2.831,11.919,11.871,2897800000.0,0.0,17.45,2.616,2.62,194800000.0,690000000.0,1179000000.0,1179000000.0,0.0,0.08,0.254,0.112,0.361,16100000.0,290700000.0,1.0,176775524.0,177000000,178500000.0,6.661,3267500000.0,14800000.0,108000000.0,509000000.0,18.46,-191200000.0
22,STR,MRT,2010-12-31,2010-12-31,2010-12-31,2021-08-25,-104000000.0,3373600000.0,4736425000.0,399600000.0,2974000000.0,0.237,5.907,-320300000.0,21800000.0,21800000.0,331500000.0,339200000.0,0.61,2.256,1322500000.0,424000000.0,898500000.0,1322500000.0,0.0,161800000.0,26200000.0,0.031,0.54,505700000.0,667500000.0,0.594,667500000.0,505700000.0,448600000.0,1.93,1.91,1.93,1036100000.0,1701675000.0,1036100000.0,4296630346.0,8.0,6.437,506100000.0,2.885,1.0,792100000.0,0.705,9800000.0,57100000.0,4009400000.0,5106500000.0,62700000.0,27900000.0,0.0,27900000.0,2337500000.0,655100000.0,1682400000.0,3065130346.0,10300000.0,-245300000.0,6800000.0,264700000.0,-94800000.0,288900000.0,-1124300000.0,39300000.0,826400000.0,19300000.0,339200000.0,339200000.0,339200000.0,-2600000.0,0.0,0.302,448800000.0,343300000.0,160500000.0,0.28,2.958,9.036,9.021,2884600000.0,0.0,17.41,2.728,2.718,240800000.0,647100000.0,1123600000.0,1123600000.0,0.0,0.072,0.199,0.099,0.45,15400000.0,284300000.0,1.0,176055735.0,175400000,178000000.0,6.406,3363800000.0,11800000.0,109400000.0,504600000.0,19.178,-255500000.0
23,STR,MRT,2010-09-30,2010-09-30,2010-09-30,2021-08-25,-124900000.0,3167100000.0,6147675000.0,272900000.0,2894200000.0,0.18,5.552,-293400000.0,0.0,0.0,321200000.0,425500000.0,0.352,2.25,1231500000.0,582400000.0,649100000.0,1231500000.0,0.0,161100000.0,0.0,0.03,0.53,592300000.0,753400000.0,0.682,753400000.0,592300000.0,535500000.0,2.43,2.4,2.43,974400000.0,2318200000.0,974400000.0,4259448621.0,7.0,5.654,854800000.0,4.871,1.0,783700000.0,0.709,0.0,56800000.0,3623200000.0,6349500000.0,72600000.0,28200000.0,0.0,28200000.0,2192700000.0,775400000.0,1417300000.0,3077548621.0,-1200000.0,-236000000.0,6800000.0,238700000.0,-92700000.0,358500000.0,-1507900000.0,0.0,1148200000.0,0.0,425500000.0,425500000.0,425500000.0,-241500000.0,0.0,0.385,448300000.0,335400000.0,187000000.0,0.218,3.158,7.233,7.214,2805900000.0,0.0,17.53,2.785,2.784,92900000.0,617100000.0,1104900000.0,1104900000.0,0.0,0.069,0.184,0.093,0.536,19100000.0,283400000.0,1.0,175558963.0,175500000,178200000.0,6.296,3167100000.0,14300000.0,110000000.0,418900000.0,18.046,-502500000.0
24,STR,MRT,2010-06-30,2010-06-30,2010-06-30,2021-08-25,-101400000.0,3077300000.0,7488075000.0,223000000.0,2854300000.0,0.146,5.544,-301000000.0,0.0,0.0,320500000.0,496000000.0,0.34,2.17,1181900000.0,450800000.0,731100000.0,1181900000.0,0.0,158600000.0,0.0,0.011,0.515,660800000.0,819400000.0,0.751,819400000.0,660800000.0,603700000.0,2.85,2.81,2.85,970800000.0,2910025000.0,970800000.0,10289805362.0,16.0,12.558,1153700000.0,6.589,1.0,770100000.0,0.706,0.0,57100000.0,3602900000.0,7604400000.0,40500000.0,28200000.0,0.0,28200000.0,2106500000.0,656300000.0,1450200000.0,7965005362.0,-1200000.0,-250200000.0,8400000.0,225500000.0,-89900000.0,285800000.0,-1741700000.0,0.0,1454700000.0,0.0,496000000.0,496000000.0,496000000.0,-312900000.0,0.0,0.455,437700000.0,332400000.0,198300000.0,0.181,8.205,16.058,15.961,2766500000.0,0.0,45.49,7.303,7.304,98100000.0,597700000.0,1090600000.0,1090600000.0,0.0,0.066,0.17,0.087,0.606,17700000.0,274800000.0,1.0,175093545.0,175100000,177600000.0,6.228,3077300000.0,14300000.0,107700000.0,396400000.0,17.575,-433300000.0
25,STR,MRT,2010-03-31,2010-03-31,2010-03-31,2021-08-25,157700000.0,9327700000.0,8853575000.0,1014600000.0,8313100000.0,0.121,21.872,29800000.0,0.0,0.0,318100000.0,476400000.0,0.897,1.424,994400000.0,163200000.0,831200000.0,994400000.0,0.0,31600000.0,0.0,0.012,0.51,642900000.0,674500000.0,0.627,674500000.0,642900000.0,585100000.0,2.73,2.7,2.73,3825400000.0,3521100000.0,3825400000.0,9862759766.0,15.0,14.622,1492700000.0,8.535,1.0,757000000.0,0.704,0.0,57800000.0,9190500000.0,8876775000.0,33000000.0,81300000.0,53000000.0,28300000.0,5448000000.0,1131600000.0,4316400000.0,7544659766.0,23900000.0,-100000.0,9900000.0,-51700000.0,-89000000.0,-113300000.0,-1350800000.0,36400000.0,1462900000.0,25100000.0,476400000.0,476400000.0,476400000.0,-289000000.0,0.0,0.443,419400000.0,337600000.0,207400000.0,0.187,1.972,15.837,15.824,7944200000.0,0.0,43.2,7.018,7.028,185300000.0,3205200000.0,1075100000.0,1075100000.0,0.0,0.054,0.135,0.072,0.598,10300000.0,270100000.0,1.0,174644902.0,174900000,177200000.0,6.147,9327700000.0,14300000.0,108700000.0,379300000.0,53.332,-117000000.0
26,STR,MRT,2009-12-31,2009-12-31,2009-12-31,2021-08-25,-30300000.0,9018600000.0,8667375000.0,952000000.0,8066600000.0,0.128,20.116,-299800000.0,11500000.0,11500000.0,373800000.0,393300000.0,0.891,1.559,1053100000.0,221900000.0,831200000.0,1053100000.0,0.0,154300000.0,30300000.0,0.012,0.505,557300000.0,711600000.0,0.641,711600000.0,557300000.0,497700000.0,2.26,2.23,2.26,3502200000.0,3438225000.0,3502200000.0,9447935982.0,17.0,13.277,1278400000.0,7.343,1.0,736100000.0,0.663,9800000.0,59600000.0,8981400000.0,9064925000.0,62800000.0,67400000.0,39300000.0,28100000.0,5461500000.0,1069000000.0,4392500000.0,7248435982.0,11500000.0,-100000.0,9100000.0,-92300000.0,-87900000.0,-176300000.0,-1396200000.0,50100000.0,1578200000.0,5800000.0,393300000.0,393300000.0,393300000.0,-212800000.0,0.0,0.354,407900000.0,328200000.0,169600000.0,0.223,2.07,18.43,18.394,7804900000.0,0.0,41.57,6.531,6.521,209700000.0,3077700000.0,1109900000.0,1109900000.0,0.0,0.045,0.114,0.061,0.502,12900000.0,261000000.0,1.0,174366995.0,174100000,176300000.0,6.375,9008800000.0,14300000.0,104400000.0,401800000.0,51.745,-117000000.0
27,STR,MRT,2009-09-30,2009-09-30,2009-09-30,2021-08-25,-51900000.0,8528700000.0,8570400000.0,839600000.0,7689100000.0,-0.017,19.172,1357900000.0,0.0,0.0,-22600000.0,358100000.0,0.96,1.536,988700000.0,157500000.0,831200000.0,988700000.0,0.0,-104300000.0,0.0,0.013,0.5,229600000.0,125300000.0,-0.862,125300000.0,229600000.0,195700000.0,2.1,2.07,2.1,3341700000.0,3417175000.0,3341700000.0,8764895755.0,38.0,69.951,2938600000.0,16.859,1.0,-122800000.0,0.845,0.0,33900000.0,8642800000.0,9258550000.0,76000000.0,28700000.0,0.0,28700000.0,5131900000.0,874600000.0,4257300000.0,6543995755.0,3900000.0,900000.0,6500000.0,-733300000.0,-87000000.0,-102400000.0,-1477100000.0,79100000.0,1580700000.0,2700000.0,364500000.0,364500000.0,364500000.0,-627900000.0,-6400000.0,-2.507,155200000.0,-278000000.0,185700000.0,0.238,1.958,17.953,17.886,7470400000.0,0.0,37.56,-45.007,-45.026,123900000.0,2950300000.0,-145400000.0,-145400000.0,-11600000.0,0.043,0.107,0.025,-1.579,13900000.0,100100000.0,1.0,174227789.0,174300000,176300000.0,-0.834,8528700000.0,12300000.0,-168800000.0,338800000.0,48.931,-35000000.0
28,STR,MRT,2009-06-30,2009-06-30,2009-06-30,2021-08-25,106700000.0,8539300000.0,8378750000.0,891600000.0,7647700000.0,0.058,19.616,943000000.0,0.0,0.0,168200000.0,466500000.0,1.116,1.484,951800000.0,122000000.0,829800000.0,951800000.0,0.0,-14400000.0,0.0,0.016,0.497,461100000.0,446700000.0,0.924,446700000.0,461100000.0,408800000.0,2.71,2.67,2.71,3415100000.0,3387875000.0,3415100000.0,7658944076.0,17.0,17.146,2627400000.0,15.091,1.0,315500000.0,0.652,0.0,52300000.0,8692400000.0,9357375000.0,49300000.0,28900000.0,0.0,28900000.0,5068400000.0,798700000.0,4269700000.0,5406144076.0,3900000.0,-1100000.0,4400000.0,-791000000.0,-86500000.0,-83400000.0,-1599800000.0,66600000.0,1684400000.0,2700000.0,470500000.0,470500000.0,470500000.0,-556500000.0,-4000000.0,0.973,269400000.0,46100000.0,149900000.0,0.183,1.583,11.49,11.461,7349500000.0,0.0,31.06,11.177,11.18,97600000.0,2873900000.0,483700000.0,483700000.0,-4200000.0,0.056,0.139,0.049,0.953,15700000.0,171900000.0,1.0,174054864.0,174100000,176100000.0,2.778,8539300000.0,12300000.0,-61700000.0,308400000.0,49.048,92900000.0
29,STR,MRT,2009-03-31,2009-03-31,2009-03-31,2021-08-25,250900000.0,8582900000.0,8066925000.0,1034600000.0,7548300000.0,0.139,20.103,281400000.0,0.0,0.0,414900000.0,563300000.0,1.258,1.44,2252800000.0,123800000.0,2129000000.0,2252800000.0,0.0,190300000.0,0.0,0.017,0.495,657700000.0,848000000.0,0.755,848000000.0,657700000.0,587600000.0,3.27,3.21,3.27,3493900000.0,3133850000.0,3493900000.0,7437198708.0,11.0,8.77,1948700000.0,11.212,1.0,709000000.0,0.631,69900000.0,70100000.0,9943100000.0,9218975000.0,155100000.0,69900000.0,0.0,69900000.0,5030900000.0,822700000.0,4208200000.0,5109098708.0,-21200000.0,-700000.0,-1200000.0,-641900000.0,-85900000.0,97800000.0,-1763900000.0,-30300000.0,1667300000.0,-22400000.0,565200000.0,565200000.0,565200000.0,-511600000.0,-1900000.0,0.503,439800000.0,269200000.0,432400000.0,0.151,1.462,9.039,9.0,7232900000.0,0.0,29.43,4.546,4.551,348700000.0,2817800000.0,1123900000.0,1123900000.0,-400000.0,0.07,0.18,0.071,0.585,20800000.0,247900000.0,1.0,173601723.0,173800000,175900000.0,6.467,8513000000.0,0.0,22400000.0,1505500000.0,48.982,211900000.0
30,STR,MRT,2008-12-31,2008-12-31,2008-12-31,2021-08-25,194700000.0,8630700000.0,7641975000.0,1185000000.0,7445700000.0,0.157,19.78,-322000000.0,23900000.0,23900000.0,515400000.0,683800000.0,1.046,1.516,2352000000.0,273100000.0,2078900000.0,2352000000.0,0.0,139600000.0,34900000.0,0.015,0.492,842100000.0,981700000.0,0.817,981700000.0,842100000.0,778200000.0,3.96,3.88,3.96,3418000000.0,2898550000.0,3418000000.0,7792980866.0,9.0,7.938,1174200000.0,6.795,1.0,686500000.0,0.571,70000000.0,63900000.0,9755900000.0,8717000000.0,192400000.0,68400000.0,0.0,68400000.0,5183200000.0,1132900000.0,4050300000.0,5669580866.0,-11500000.0,-3200000.0,-8200000.0,154400000.0,-85400000.0,892700000.0,-2378000000.0,-31800000.0,1496200000.0,-22400000.0,683800000.0,683800000.0,683800000.0,-511600000.0,0.0,0.569,379200000.0,307300000.0,562900000.0,0.124,1.659,8.291,8.255,7133000000.0,0.0,32.69,4.717,4.7,482400000.0,2772300000.0,1201900000.0,1201900000.0,0.0,0.089,0.236,0.097,0.701,19400000.0,236600000.0,1.0,173434716.0,172800000,176100000.0,6.955,8560700000.0,0.0,94400000.0,1521900000.0,49.541,52100000.0
31,STR,MRT,2008-09-30,2008-09-30,2008-09-30,2021-08-25,106400000.0,7762100000.0,6970350000.0,796200000.0,6965900000.0,0.478,18.65,-2292400000.0,0.0,0.0,1181300000.0,700300000.0,1.024,1.407,2123400000.0,127500000.0,1995900000.0,2123400000.0,0.0,455000000.0,0.0,0.012,0.49,1207400000.0,1662400000.0,0.499,1662400000.0,1207400000.0,1097300000.0,4.02,3.93,4.02,3224500000.0,2688525000.0,3224500000.0,9239568902.0,8.0,5.558,-886700000.0,-5.128,1.0,2148500000.0,0.645,70000000.0,110100000.0,9038100000.0,7838950000.0,198700000.0,40500000.0,0.0,40500000.0,4537600000.0,777400000.0,3760200000.0,7094868902.0,0.0,-3500000.0,-11400000.0,870100000.0,-84900000.0,782500000.0,-2188200000.0,-27400000.0,1405700000.0,0.0,693400000.0,693400000.0,693400000.0,0.0,6900000.0,0.208,958300000.0,1190200000.0,578700000.0,0.122,2.2,10.232,10.179,6728400000.0,0.0,40.92,2.131,2.125,307100000.0,2672800000.0,3329800000.0,3329800000.0,30000000.0,0.099,0.258,0.154,0.363,27100000.0,516200000.0,1.0,173383893.0,172900000,176100000.0,19.259,7692100000.0,0.0,403900000.0,1337900000.0,44.489,18800000.0
32,STR,MRT,2008-06-30,2008-06-30,2008-06-30,2021-08-25,-529900000.0,7292000000.0,6421850000.0,791000000.0,6501000000.0,0.479,13.891,-2199800000.0,0.0,0.0,1124700000.0,607000000.0,0.645,2.04,2144700000.0,223800000.0,1920900000.0,2144700000.0,0.0,418500000.0,0.0,0.007,0.49,1046400000.0,1464900000.0,0.476,1464900000.0,1046400000.0,951800000.0,3.5,3.41,3.5,2399000000.0,2509450000.0,2399000000.0,14395641822.0,14.0,9.827,-951700000.0,-5.511,1.0,1954300000.0,0.635,70700000.0,94600000.0,8138800000.0,7072575000.0,115700000.0,27300000.0,0.0,27300000.0,4893000000.0,1227200000.0,3665800000.0,12310441822.0,0.0,-3500000.0,-12900000.0,1018200000.0,-84700000.0,930500000.0,-2178600000.0,-17300000.0,1248100000.0,0.0,602500000.0,602500000.0,602500000.0,0.0,4500000.0,0.196,957500000.0,996800000.0,545800000.0,0.14,5.131,20.432,20.297,6324500000.0,0.0,71.04,3.998,3.985,421700000.0,2489900000.0,3079000000.0,3079000000.0,24200000.0,0.094,0.24,0.148,0.34,26300000.0,500100000.0,1.0,173288877.0,172700000,176300000.0,17.829,7221300000.0,194500000.0,349300000.0,998600000.0,41.814,-436200000.0
33,STR,MRT,2008-03-31,2008-03-31,2008-03-31,2021-08-25,-218400000.0,6883100000.0,5902375000.0,666100000.0,6217000000.0,0.48,14.807,-2122100000.0,0.0,0.0,1016600000.0,544500000.0,0.692,1.696,2085200000.0,214100000.0,1871100000.0,2085200000.0,0.0,395600000.0,0.0,0.009,0.49,935000000.0,1330600000.0,0.47,1330600000.0,935000000.0,855200000.0,3.15,3.07,3.15,2552700000.0,2501925000.0,2552700000.0,11142231919.0,12.0,8.374,-981000000.0,-5.69,1.0,1814300000.0,0.641,70700000.0,79800000.0,7935200000.0,6451475000.0,79000000.0,19700000.0,0.0,19700000.0,4330400000.0,962400000.0,3368000000.0,9773331919.0,-22400000.0,-3700000.0,-10400000.0,1047600000.0,-84700000.0,964600000.0,-2128100000.0,-12900000.0,1141100000.0,0.0,542100000.0,542100000.0,542100000.0,0.0,2400000.0,0.191,904700000.0,909600000.0,511700000.0,0.156,3.829,18.029,17.956,6046400000.0,0.0,56.56,3.452,3.444,425200000.0,2338500000.0,2830900000.0,2830900000.0,23500000.0,0.092,0.217,0.145,0.33,25200000.0,479300000.0,1.0,172795826.0,172400000,176200000.0,16.421,6812400000.0,105400000.0,313100000.0,1018600000.0,39.515,-296300000.0
34,STR,MRT,2007-12-31,2007-12-31,2007-12-31,2021-08-25,-25300000.0,5944200000.0,5426400000.0,658900000.0,5285300000.0,0.502,14.988,-1383500000.0,14200000.0,14200000.0,1018100000.0,507400000.0,0.66,1.306,1383100000.0,361900000.0,1021200000.0,1383100000.0,0.0,375800000.0,34100000.0,0.009,0.485,870200000.0,1246000000.0,0.457,1246000000.0,870200000.0,798000000.0,2.95,2.88,2.95,2577900000.0,2430250000.0,2577900000.0,10590718674.0,12.0,8.5,-242500000.0,-1.41,1.0,1708500000.0,0.627,70700000.0,72200000.0,6243700000.0,5811575000.0,115000000.0,52800000.0,0.0,52800000.0,3366300000.0,998700000.0,2367600000.0,9345518674.0,-10400000.0,-1300000.0,-4300000.0,310600000.0,-83700000.0,233700000.0,-1385100000.0,-14800000.0,1141000000.0,0.0,507400000.0,507400000.0,507400000.0,0.0,0.0,0.186,867200000.0,841300000.0,463100000.0,0.164,3.625,18.418,18.339,5098600000.0,0.0,54.1,3.428,3.413,411200000.0,2173900000.0,2726600000.0,2726600000.0,22000000.0,0.094,0.209,0.15,0.319,24000000.0,464000000.0,1.0,172745262.0,172000000,175900000.0,15.852,5873500000.0,6600000.0,290600000.0,999400000.0,34.148,-339800000.0
35,STR,MRT,2007-09-30,2007-09-30,2007-09-30,2021-08-25,17200000.0,5568100000.0,5206525000.0,508900000.0,5059200000.0,0.529,14.566,-1249400000.0,0.0,0.0,1114000000.0,498100000.0,0.661,1.22,1245200000.0,265700000.0,979500000.0,1245200000.0,0.0,363600000.0,37000000.0,0.009,0.48,856400000.0,1220000000.0,0.443,1220000000.0,856400000.0,784800000.0,2.9,2.84,2.9,2508200000.0,2337150000.0,2508200000.0,10186839646.0,12.0,8.35,-194000000.0,-1.127,1.0,1641900000.0,0.596,70700000.0,71600000.0,5972600000.0,5590700000.0,115100000.0,45900000.0,0.0,45900000.0,3059900000.0,770000000.0,2289900000.0,9068439646.0,-77700000.0,-1800000.0,-1600000.0,212700000.0,-82700000.0,140500000.0,-1273600000.0,-8900000.0,1055400000.0,0.0,498100000.0,498100000.0,498100000.0,0.0,0.0,0.181,830300000.0,811600000.0,394900000.0,0.166,3.616,18.206,18.114,4837800000.0,0.0,52.53,3.291,3.282,238100000.0,2064300000.0,2755900000.0,2755900000.0,10900000.0,0.096,0.213,0.153,0.311,24300000.0,454000000.0,1.0,172633536.0,172200000,175900000.0,16.004,5497400000.0,0.0,286700000.0,920100000.0,31.925,-261100000.0
36,STR,MRT,2007-06-30,2007-06-30,2007-06-30,2021-08-25,-26200000.0,5214100000.0,4983786250.0,494500000.0,4719600000.0,0.562,13.773,-1100600000.0,0.0,0.0,1203400000.0,479800000.0,0.814,1.201,1118400000.0,139000000.0,979400000.0,1118400000.0,0.0,352600000.0,16400000.0,0.009,0.475,827300000.0,1179900000.0,0.421,1179900000.0,827300000.0,755200000.0,2.8,2.74,2.8,2368900000.0,2243019000.0,2368900000.0,10122066793.0,12.0,8.579,-96500000.0,-0.561,1.0,1598500000.0,0.571,70700000.0,72100000.0,5654400000.0,5370626750.0,95300000.0,45200000.0,0.0,45200000.0,2845200000.0,607400000.0,2237800000.0,9112066793.0,-73800000.0,-1500000.0,800000.0,86000000.0,-81700000.0,22500000.0,-1100400000.0,-10300000.0,1004100000.0,0.0,479800000.0,479800000.0,479800000.0,0.0,0.0,0.171,801300000.0,797200000.0,379400000.0,0.17,3.847,18.991,18.875,4533700000.0,0.0,52.85,3.252,3.244,266900000.0,1972100000.0,2801900000.0,2801900000.0,26100000.0,0.096,0.214,0.154,0.295,23400000.0,446500000.0,1.0,172413752.0,172000000,175900000.0,16.29,5143400000.0,0.0,275400000.0,843900000.0,29.903,-112900000.0
37,STR,MRT,2007-03-31,2007-03-31,2007-03-31,2021-08-25,-30600000.0,4979200000.0,4752766500.0,561700000.0,4417500000.0,0.593,13.205,-940200000.0,22400000.0,22400000.0,1282300000.0,458000000.0,1.035,1.197,1032400000.0,53000000.0,979400000.0,1032400000.0,0.0,334400000.0,8100000.0,0.011,0.47,795300000.0,1129700000.0,0.401,1129700000.0,795300000.0,721100000.0,2.68,2.62,2.68,2266000000.0,2131791250.0,2266000000.0,8715081199.0,11.0,7.715,11500000.0,0.067,1.0,1538100000.0,0.545,70700000.0,74200000.0,5375600000.0,5156571250.0,86800000.0,40000000.0,0.0,40000000.0,2713200000.0,542900000.0,2170300000.0,7667281199.0,-6800000.0,-1000000.0,2900000.0,47000000.0,-80700000.0,-17700000.0,-940800000.0,-9700000.0,951700000.0,0.0,458000000.0,458000000.0,458000000.0,0.0,0.0,0.162,772200000.0,765900000.0,417500000.0,0.175,3.384,16.741,16.644,4226800000.0,0.0,44.605,2.719,2.714,342000000.0,1881100000.0,2820400000.0,2820400000.0,33100000.0,0.096,0.215,0.154,0.282,22300000.0,430300000.0,1.0,171892864.0,171600000,175600000.0,16.436,4908500000.0,0.0,263100000.0,793100000.0,28.604,18800000.0
38,STR,MRT,2006-12-31,2006-12-31,2006-12-31,2021-08-25,45700000.0,5064700000.0,4563024250.0,757700000.0,4307000000.0,0.621,12.905,-883500000.0,24600000.0,24600000.0,1332300000.0,444100000.0,1.112,1.296,1072400000.0,50000000.0,1022400000.0,1072400000.0,0.0,316100000.0,31400000.0,0.011,0.465,773200000.0,1089300000.0,0.384,1089300000.0,773200000.0,699600000.0,2.6,2.54,2.6,2205500000.0,2020375250.0,2205500000.0,8085835129.0,10.0,7.423,81500000.0,0.477,1.0,1503300000.0,0.53,70700000.0,73600000.0,5360200000.0,4919566500.0,134800000.0,37500000.0,0.0,37500000.0,2859200000.0,681600000.0,2177600000.0,7131148129.0,11200000.0,-700000.0,4600000.0,-7500000.0,-79700000.0,-72300000.0,-881500000.0,-6300000.0,965000000.0,0.0,444100000.0,444100000.0,444100000.0,0.0,0.0,0.157,746900000.0,756400000.0,438900000.0,0.179,3.233,16.058,15.971,4091400000.0,0.0,41.525,2.515,2.503,400800000.0,1750200000.0,2835600000.0,2835600000.0,34400000.0,0.097,0.22,0.157,0.273,21700000.0,421800000.0,1.0,171731442.0,170900000,175200000.0,16.592,4994000000.0,10000000.0,255500000.0,867800000.0,29.222,76100000.0
39,STR,MRT,2006-09-30,2006-09-30,2006-09-30,2021-08-25,78902000.0,4677145000.0,4390424250.0,608782000.0,4068363000.0,0.684,12.459,-853276000.0,77707000.0,77707000.0,1526495000.0,426645000.0,1.299,1.194,1032394000.0,0.0,1032394000.0,1032394000.0,0.0,301107000.0,32367000.0,0.011,0.46,747760000.0,1048867000.0,0.349,1048867000.0,747760000.0,674594000.0,2.505,2.44,2.505,2131676000.0,1856450250.0,2131676000.0,7966530402.0,11.0,7.595,295313000.0,1.726,1.0,1477762000.0,0.492,70719000.0,73166000.0,5092307000.0,4696691500.0,145927000.0,37437000.0,0.0,37437000.0,2545469000.0,468806000.0,2076663000.0,7007916402.0,66717000.0,-1100000.0,4437000.0,-194992000.0,-78668000.0,-261023000.0,-820849000.0,487000.0,1148589000.0,0.0,426645000.0,426645000.0,426645000.0,0.0,0.0,0.142,738057000.0,739705000.0,373500000.0,0.184,3.288,16.426,16.321,3834348000.0,0.0,40.885,2.333,2.329,237454000.0,1648832000.0,3004257000.0,3004257000.0,32277000.0,0.097,0.23,0.159,0.249,8110000.0,413542000.0,1.0,171405562.0,171100000,175400000.0,17.558,4606426000.0,18940000.0,247949000.0,784334000.0,26.922,139976000.0
40,STR,MRT,2006-06-30,2006-06-30,2006-06-30,2021-08-25,-43344000.0,4290021000.0,4294807000.0,473823000.0,3816198000.0,0.706,11.271,-801322000.0,73760000.0,73760000.0,1617483000.0,397402000.0,1.25,1.23,1032374000.0,0.0,1032374000.0,1032374000.0,0.0,285555000.0,8401000.0,0.011,0.455,700958000.0,986513000.0,0.325,986513000.0,700958000.0,627723000.0,2.335,2.275,2.335,1923989000.0,1652414750.0,1923989000.0,7840155436.0,11.0,7.947,81132000.0,0.475,1.0,1414484000.0,0.467,71260000.0,73235000.0,4798178000.0,4553310250.0,94585000.0,33915000.0,0.0,33915000.0,2366032000.0,379197000.0,1986835000.0,6886086436.0,73124000.0,-1100000.0,2936000.0,60005000.0,-77711000.0,-12270000.0,-797060000.0,-658000.0,882454000.0,0.0,397402000.0,397402000.0,397402000.0,0.0,0.0,0.131,727026000.0,687458000.0,313750000.0,0.195,3.579,17.328,17.236,3638750000.0,0.0,40.245,2.271,2.266,240019000.0,1573947000.0,3031967000.0,3031967000.0,18051000.0,0.093,0.24,0.154,0.231,6674000.0,408111000.0,1.0,171104148.0,170700000,175000000.0,17.762,4218761000.0,36901000.0,230321000.0,699515000.0,24.714,94626000.0
41,STR,MRT,2006-03-31,2006-03-31,2006-03-31,2021-08-25,-70899000.0,4220231000.0,4151940500.0,513275000.0,3706956000.0,0.712,10.683,-783039000.0,29147000.0,29147000.0,1622610000.0,367729000.0,0.76,1.318,983216000.0,200014000.0,783202000.0,983216000.0,0.0,271833000.0,5237000.0,0.013,0.45,650302000.0,922135000.0,0.312,922135000.0,650302000.0,580224000.0,2.16,2.105,2.16,1820336000.0,1541730500.0,1820336000.0,7052831421.0,11.0,7.648,70120000.0,0.412,1.0,1333366000.0,0.451,71260000.0,70078000.0,4427581000.0,4384164000.0,68920000.0,32322000.0,0.0,32322000.0,2399895000.0,675459000.0,1724436000.0,5988491421.0,29181000.0,-1100000.0,3655000.0,8654000.0,-76604000.0,-62295000.0,-761683000.0,1083000.0,853159000.0,0.0,367729000.0,367729000.0,367729000.0,0.0,0.0,0.124,703361000.0,630005000.0,418991000.0,0.208,3.29,16.285,16.215,3534956000.0,0.0,35.025,2.026,2.019,345108000.0,1503704000.0,2955976000.0,2955976000.0,13427000.0,0.089,0.239,0.148,0.22,5535000.0,402470000.0,1.0,170977628.0,170400000,174800000.0,17.347,4148971000.0,34390000.0,212495000.0,669937000.0,24.348,-162184000.0
42,STR,MRT,2005-12-31,2005-12-31,2005-12-31,2021-08-25,-219300000.0,4374300000.0,4013065750.0,773000000.0,3601300000.0,0.679,9.138,-712700000.0,13400000.0,13400000.0,1491500000.0,325700000.0,0.871,1.822,1077700000.0,94500000.0,983200000.0,1077700000.0,0.0,257500000.0,30800000.0,0.012,0.445,583000000.0,840500000.0,0.308,840500000.0,583000000.0,513600000.0,1.92,1.87,1.92,1549800000.0,1438653750.0,1549800000.0,7669969244.0,13.0,9.125,-16900000.0,-0.1,1.0,1233400000.0,0.453,82100000.0,69400000.0,4468700000.0,4266079750.0,125400000.0,30700000.0,0.0,30700000.0,2824500000.0,887800000.0,1936700000.0,6455733244.0,9700000.0,-1100000.0,7200000.0,76500000.0,-75600000.0,8100000.0,-694200000.0,0.0,695800000.0,0.0,325700000.0,325700000.0,325700000.0,0.0,0.0,0.12,666900000.0,566500000.0,444400000.0,0.232,4.166,19.821,19.714,3427500000.0,0.0,37.85,2.369,2.356,459200000.0,1385800000.0,2724900000.0,2724900000.0,11500000.0,0.081,0.226,0.137,0.214,4200000.0,385900000.0,1.0,170560984.0,169600000,174300000.0,16.067,4292200000.0,98000000.0,187900000.0,705700000.0,25.308,-114800000.0
43,STR,MRT,2005-09-30,2005-09-30,2005-09-30,2021-08-25,-364914000.0,4294676000.0,3838112500.0,839149000.0,3455527000.0,0.623,7.745,-661031000.0,10964000.0,10964000.0,1249705000.0,295325000.0,0.913,2.265,1225200000.0,92000000.0,1133200000.0,1225200000.0,0.0,247478000.0,36061000.0,0.01,0.44,530533000.0,778011000.0,0.325,778011000.0,530533000.0,462223000.0,1.75,1.7,1.75,1315534000.0,1411093250.0,1315534000.0,8463182910.0,16.0,10.878,-164502000.0,-0.968,1.0,1141782000.0,0.477,71260000.0,68310000.0,4518782000.0,4165081500.0,108848000.0,40805000.0,0.0,40805000.0,2979142000.0,918870000.0,2060272000.0,7493640910.0,10988000.0,0.0,13125000.0,222285000.0,-74598000.0,161067000.0,-646608000.0,-6787000.0,496529000.0,0.0,295325000.0,295325000.0,295325000.0,0.0,0.0,0.123,628968000.0,512814000.0,369220000.0,0.251,5.696,25.374,25.177,3276851000.0,0.0,44.06,3.133,3.129,286061000.0,1300941000.0,2391487000.0,2391487000.0,14924000.0,0.077,0.209,0.127,0.222,3667000.0,366462000.0,1.0,170078096.0,169860000,174706000.0,14.079,4223416000.0,151945000.0,166898000.0,581908000.0,24.864,-79721000.0
44,STR,MRT,2005-06-30,2005-06-30,2005-06-30,2021-08-25,-145765000.0,3718555000.0,3623769750.0,425397000.0,3293158000.0,0.598,8.746,-572660000.0,657000.0,657000.0,1096374000.0,266509000.0,0.881,1.51,970199000.0,37000000.0,933199000.0,970199000.0,0.0,237679000.0,12223000.0,0.013,0.435,483891000.0,721570000.0,0.333,721570000.0,483891000.0,416697000.0,1.58,1.54,1.58,1481252000.0,1411269250.0,1481252000.0,6564624530.0,14.0,9.098,31824000.0,0.188,1.0,1072428000.0,0.494,83654000.0,67194000.0,4121593000.0,3983170750.0,68002000.0,36075000.0,0.0,36075000.0,2237303000.0,482850000.0,1754453000.0,5590079530.0,681000.0,0.0,18139000.0,3751000.0,-73526000.0,-51319000.0,-552484000.0,-1842000.0,604484000.0,0.0,266509000.0,266509000.0,266509000.0,0.0,0.0,0.123,603267000.0,469161000.0,283362000.0,0.275,3.774,20.975,20.854,3118299000.0,0.0,32.95,2.577,2.573,211558000.0,1254327000.0,2168802000.0,2168802000.0,13696000.0,0.074,0.189,0.121,0.223,3298000.0,349606000.0,1.0,169653400.0,169358000,174102000.0,12.806,3634901000.0,47842000.0,150188000.0,558600000.0,21.463,-57453000.0
45,STR,MRT,2005-03-31,2005-03-31,2005-03-31,2021-08-25,-169560000.0,3664732000.0,3513276500.0,445694000.0,3219038000.0,0.574,8.34,-504875000.0,0.0,0.0,994882000.0,248338000.0,0.742,1.603,974545000.0,41348000.0,933197000.0,974545000.0,0.0,233243000.0,7949000.0,0.015,0.43,455544000.0,688787000.0,0.341,688787000.0,455544000.0,387938000.0,1.48,1.44,1.48,1408029000.0,1371081750.0,1408029000.0,6016113634.0,13.0,8.734,59745000.0,0.354,1.0,1023226000.0,0.507,83654000.0,67606000.0,3955244000.0,3890836000.0,51161000.0,33744000.0,0.0,33744000.0,2256703000.0,600379000.0,1656324000.0,5018587634.0,24000.0,0.0,20512000.0,-13742000.0,-72457000.0,-65370000.0,-499226000.0,-2083000.0,564620000.0,0.0,248338000.0,248338000.0,248338000.0,0.0,0.0,0.123,580415000.0,442811000.0,336506000.0,0.291,3.564,20.209,20.017,3039901000.0,0.0,29.625,2.487,2.478,271417000.0,1212693000.0,2018108000.0,2018108000.0,9486000.0,0.071,0.181,0.117,0.226,2689000.0,333064000.0,1.0,169403802.0,168834000,173456000.0,11.953,3581078000.0,0.0,139600000.0,477767000.0,21.211,-154685000.0
46,STR,MRT,2004-12-31,2004-12-31,2004-12-31,2021-08-25,-54177000.0,3674487000.0,3417297750.0,496527000.0,3177960000.0,0.556,8.589,-445500000.0,3681000.0,3681000.0,912700000.0,229300000.0,0.948,1.553,1001195000.0,68000000.0,933195000.0,1001195000.0,0.0,227800000.0,24771000.0,0.017,0.425,427300000.0,655100000.0,0.345,655100000.0,427300000.0,358900000.0,1.37,1.335,1.37,1439558000.0,1347871000.0,1439558000.0,5298232296.0,12.0,8.088,140200000.0,0.837,1.0,988700000.0,0.52,83654000.0,68400000.0,4064707000.0,3848775000.0,85431000.0,33229000.0,0.0,33229000.0,2234929000.0,523640000.0,1711289000.0,4295325296.0,-10200000.0,0.0,24300000.0,-109500000.0,-71400000.0,-156600000.0,-439300000.0,-1000000.0,585700000.0,0.0,229300000.0,229300000.0,229300000.0,0.0,0.0,0.121,572800000.0,415900000.0,282068000.0,0.31,2.984,18.732,18.599,2984592000.0,0.0,25.48,2.259,2.246,312525000.0,1135718000.0,1901400000.0,1901400000.0,9200000.0,0.067,0.17,0.111,0.225,2400000.0,327800000.0,1.0,168576346.0,167600000,171400000.0,11.345,3590833000.0,26013000.0,129600000.0,617261000.0,21.425,-27113000.0
47,STR,MRT,2004-09-30,2004-09-30,2004-09-30,2021-08-25,-112515000.0,3437305000.0,3331583750.0,396060000.0,3041245000.0,0.523,7.847,-392403000.0,0.0,0.0,783648000.0,215661000.0,0.703,1.611,1002907000.0,69712000.0,933195000.0,1002907000.0,0.0,221244000.0,20568000.0,0.018,0.42,408615000.0,629859000.0,0.361,629859000.0,408615000.0,340289000.0,1.29,1.265,1.29,1316238000.0,1303297750.0,1316238000.0,4815022779.0,12.0,7.645,87499000.0,0.522,1.0,958920000.0,0.55,85912000.0,68326000.0,3791139000.0,3792182000.0,86942000.0,35347000.0,0.0,35347000.0,2121067000.0,563161000.0,1557906000.0,3848578779.0,-5744000.0,-7428000.0,18870000.0,-41791000.0,-70262000.0,-93439000.0,-392207000.0,-5301000.0,479902000.0,0.0,215661000.0,215661000.0,215661000.0,0.0,0.0,0.124,560818000.0,398102000.0,291447000.0,0.326,2.924,17.846,17.76,2853454000.0,0.0,22.91,2.209,2.205,190988000.0,1080176000.0,1742568000.0,1742568000.0,5023000.0,0.065,0.165,0.108,0.234,2892000.0,327145000.0,1.0,167986852.0,167728000,171764000.0,10.389,3351393000.0,0.0,124628000.0,469638000.0,19.981,-167101000.0
48,STR,MRT,2004-06-30,2004-06-30,2004-06-30,2021-08-25,-81686000.0,3276582000.0,3241801500.0,306712000.0,2969870000.0,0.511,7.893,-367945000.0,0.0,0.0,731696000.0,207411000.0,0.758,1.481,966444000.0,33252000.0,933192000.0,966444000.0,0.0,216180000.0,0.0,0.021,0.415,395989000.0,612169000.0,0.37,612169000.0,395989000.0,327110000.0,1.245,1.22,1.245,1320502000.0,1279489250.0,1320502000.0,4225511883.0,11.0,6.903,134669000.0,0.805,1.0,924150000.0,0.558,85912000.0,68879000.0,3752254000.0,3783059750.0,46163000.0,34422000.0,0.0,34422000.0,1956080000.0,404860000.0,1551220000.0,3237223883.0,-23735000.0,-5750000.0,17317000.0,-97252000.0,-69187000.0,-149440000.0,-376909000.0,-15751000.0,502614000.0,0.0,207411000.0,207411000.0,207411000.0,0.0,0.0,0.125,539003000.0,385147000.0,243699000.0,0.333,2.452,15.608,15.518,2786864000.0,0.0,19.32,1.955,1.952,181458000.0,1061306000.0,1655846000.0,1655846000.0,4638000.0,0.064,0.162,0.105,0.239,2674000.0,312139000.0,1.0,167558172.0,167302000,170890000.0,9.897,3190670000.0,0.0,119699000.0,458107000.0,19.071,-98148000.0
49,STR,MRT,2004-03-31,2004-03-31,2004-03-31,2021-08-25,-56123000.0,3280817000.0,3189970250.0,323200000.0,2957617000.0,0.488,7.887,-343249000.0,0.0,0.0,668691000.0,185127000.0,0.816,1.495,988288000.0,38097000.0,950191000.0,988288000.0,0.0,206752000.0,0.0,0.022,0.4,360568000.0,567320000.0,0.364,567320000.0,360568000.0,291232000.0,1.11,1.09,1.11,1315186000.0,1245107000.0,1315186000.0,4144285756.0,11.0,7.305,149535000.0,0.897,1.0,888309000.0,0.571,85912000.0,69336000.0,3787000000.0,3767100000.0,33248000.0,37559000.0,0.0,37559000.0,1965631000.0,396193000.0,1569438000.0,3047490756.0,-41475000.0,0.0,21051000.0,-135905000.0,-66466000.0,-181616000.0,-352643000.0,-15395000.0,492784000.0,0.0,185127000.0,185127000.0,185127000.0,0.0,0.0,0.119,539564000.0,348745000.0,275883000.0,0.36,2.317,16.462,16.414,2764581000.0,0.0,18.22,1.957,1.951,243070000.0,1036774000.0,1557000000.0,1557000000.0,4415000.0,0.058,0.149,0.096,0.232,2617000.0,303933000.0,1.0,167260744.0,166748000,170336000.0,9.337,3194905000.0,0.0,106105000.0,453148000.0,19.16,-72993000.0
50,STR,MRT,2003-12-31,2003-12-31,2003-12-31,2021-08-25,-41298000.0,3331631000.0,3158049500.0,366361000.0,2965270000.0,0.463,7.626,-309928000.0,13905000.0,13905000.0,598047000.0,173616000.0,0.727,1.641,1110700000.0,160511000.0,950189000.0,1110700000.0,0.0,201809000.0,22576000.0,0.022,0.39,346915000.0,548724000.0,0.375,548724000.0,346915000.0,276179000.0,1.05,1.03,1.05,1261265000.0,1211252250.0,1261265000.0,3957941039.0,11.0,7.213,126445000.0,0.765,1.0,865141000.0,0.591,85912000.0,70736000.0,3838335000.0,3764067250.0,52489000.0,36393000.0,0.0,36393000.0,2070366000.0,504179000.0,1566187000.0,2918987039.0,-7736000.0,0.0,18393000.0,-83490000.0,-64538000.0,-129745000.0,-314364000.0,-15411000.0,436373000.0,0.0,173616000.0,173616000.0,173616000.0,0.0,0.0,0.119,525311000.0,339830000.0,181012000.0,0.371,2.314,16.813,16.738,2768529000.0,0.0,17.575,1.995,1.987,271676000.0,977780000.0,1463188000.0,1463188000.0,4498000.0,0.055,0.143,0.092,0.237,2041000.0,299341000.0,1.0,166087456.0,165394000,168380000.0,8.847,3245719000.0,0.0,102563000.0,495854000.0,19.624,-137818000.0
51,STR,MRT,2003-09-30,2003-09-30,2003-09-30,2021-08-25,-32062000.0,3078176000.0,3092104250.0,212827000.0,2865349000.0,0.452,7.365,-277246000.0,5744000.0,5744000.0,565723000.0,181598000.0,0.776,1.521,1044698000.0,39511000.0,1005187000.0,1044698000.0,0.0,198674000.0,0.0,0.025,0.38,362587000.0,561261000.0,0.402,561261000.0,362587000.0,288618000.0,1.105,1.085,1.105,1221004000.0,1180626250.0,1221004000.0,3592948679.0,10.0,6.402,180933000.0,1.091,1.0,831103000.0,0.595,88044000.0,73969000.0,3754650000.0,3767445750.0,56947000.0,32340000.0,0.0,32340000.0,1857172000.0,274436000.0,1582736000.0,2552987679.0,522000.0,-19907000.0,18781000.0,-374078000.0,-62669000.0,-417856000.0,-39803000.0,-23295000.0,458179000.0,2000.0,181598000.0,181598000.0,181598000.0,0.0,0.0,0.13,514068000.0,317035000.0,199348000.0,0.344,2.091,14.058,13.941,2683784000.0,0.0,15.405,1.828,1.828,128760000.0,934777000.0,1396826000.0,1396826000.0,4277000.0,0.059,0.154,0.096,0.26,2001000.0,286149000.0,1.0,165724614.0,165792000,168796000.0,8.425,2990132000.0,0.0,107020000.0,426951000.0,18.035,-61609000.0
52,STR,MRT,2003-06-30,2003-06-30,2003-06-30,2021-08-25,-53658000.0,3069257000.0,3096665750.0,237785000.0,2831472000.0,0.424,7.154,-268881000.0,23735000.0,23735000.0,496075000.0,176264000.0,0.715,1.595,1063696000.0,58510000.0,1005186000.0,1063696000.0,0.0,197950000.0,0.0,0.022,0.367,354397000.0,552347000.0,0.42,552347000.0,354397000.0,277246000.0,1.07,1.055,1.07,1182973000.0,1149705750.0,1182973000.0,3849140017.0,11.0,6.969,165147000.0,0.999,1.0,817918000.0,0.622,88044000.0,77151000.0,3688415000.0,3830226250.0,45831000.0,23210000.0,0.0,23210000.0,1886284000.0,332759000.0,1553525000.0,2766422017.0,17776000.0,-9717000.0,15208000.0,-358638000.0,-60403000.0,-397873000.0,-18298000.0,-20345000.0,434028000.0,-81000.0,176264000.0,176264000.0,176264000.0,0.0,0.0,0.134,513549000.0,304369000.0,207167000.0,0.343,2.339,15.695,15.64,2652688000.0,0.0,16.735,2.105,2.106,144766000.0,923082000.0,1313993000.0,1313993000.0,4418000.0,0.057,0.153,0.093,0.27,1624000.0,287210000.0,1.0,165307560.0,165356000,168548000.0,7.946,2981213000.0,222000.0,100982000.0,389607000.0,18.029,-94974000.0
53,STR,MRT,2003-03-31,2003-03-31,2003-03-31,2021-08-25,-43178000.0,3153134000.0,3106556500.0,340508000.0,2812626000.0,0.408,7.174,-302904000.0,41475000.0,41475000.0,468498000.0,185363000.0,0.913,1.673,1124193000.0,64010000.0,1060183000.0,1124193000.0,0.0,196378000.0,0.0,0.025,0.365,370703000.0,567081000.0,0.447,567081000.0,370703000.0,290702000.0,1.13,1.115,1.13,1179767000.0,1127943000.0,1179767000.0,3604970813.0,10.0,6.357,139901000.0,0.851,1.0,799440000.0,0.631,88044000.0,80001000.0,3774869000.0,3879200750.0,31468000.0,22022000.0,0.0,22022000.0,1973367000.0,372939000.0,1600428000.0,2432421813.0,37278000.0,-8458000.0,9598000.0,-322722000.0,-59822000.0,-360984000.0,-44549000.0,-19701000.0,442805000.0,6000.0,185363000.0,185363000.0,185363000.0,0.0,0.0,0.146,487575000.0,311865000.0,240626000.0,0.323,2.062,13.122,13.084,2639647000.0,0.0,14.785,1.918,1.918,237713000.0,918113000.0,1267938000.0,1267938000.0,4508000.0,0.06,0.164,0.096,0.292,1129000.0,284124000.0,1.0,164519568.0,164444000,166906000.0,7.71,3065090000.0,7865000.0,105339000.0,377914000.0,18.639,-32431000.0
54,STR,MRT,2002-12-31,2002-12-31,2002-12-31,2021-08-25,-28659000.0,3067850000.0,3106037250.0,279944000.0,2787906000.0,0.387,6.962,-339320000.0,21641000.0,21641000.0,439934000.0,155596000.0,0.932,1.694,1194190000.0,49010000.0,1145180000.0,1194190000.0,0.0,194369000.0,0.0,0.026,0.362,327843000.0,522212000.0,0.435,522212000.0,327843000.0,246722000.0,0.95,0.94,0.95,1138761000.0,1101945000.0,1138761000.0,3692351042.0,11.0,7.071,133028000.0,0.813,1.0,760733000.0,0.634,88044000.0,81121000.0,3851849000.0,3909793000.0,40345000.0,23617000.0,0.0,23617000.0,1929089000.0,300506000.0,1628583000.0,2278797042.0,10341000.0,0.0,7557000.0,-335366000.0,-59302000.0,-380001000.0,-82008000.0,-23333000.0,472348000.0,2000.0,155596000.0,155596000.0,155596000.0,0.0,0.0,0.13,486538000.0,274195000.0,159485000.0,0.381,2.001,14.646,14.642,2617798000.0,0.0,13.91,1.898,1.895,194286000.0,868702000.0,1200667000.0,1200667000.0,6086000.0,0.05,0.141,0.084,0.273,1129000.0,284317000.0,1.0,163824374.0,163564000,165146000.0,7.341,2979806000.0,5047000.0,91126000.0,420315000.0,18.218,-20562000.0
55,STR,MRT,2002-09-30,2002-09-30,2002-09-30,2021-08-25,-12953000.0,3096422000.0,3150198750.0,160699000.0,2935723000.0,0.376,6.704,-872980000.0,5222000.0,5222000.0,447736000.0,130164000.0,0.372,1.822,1418776000.0,240336000.0,1178440000.0,1418776000.0,0.0,197448000.0,0.0,0.032,0.36,285340000.0,482788000.0,0.408,482788000.0,285340000.0,206634000.0,0.795,0.79,0.795,1097322000.0,1087450000.0,1097322000.0,3286802141.0,12.0,6.808,-393216000.0,-2.402,1.0,736513000.0,0.622,72702000.0,78706000.0,4005772000.0,3923622500.0,43138000.0,151586000.0,0.0,151586000.0,1999100000.0,431502000.0,1567598000.0,1869091141.0,5222000.0,441158000.0,3749000.0,82170000.0,-58808000.0,28795000.0,-503244000.0,-120456000.0,479764000.0,-93000.0,130164000.0,130164000.0,130164000.0,0.0,0.0,0.11,479111000.0,257402000.0,170048000.0,0.453,1.703,14.36,14.365,2654711000.0,0.0,11.42,1.578,1.578,95016000.0,815848000.0,1184249000.0,1184249000.0,7952000.0,0.041,0.12,0.073,0.241,1945000.0,287700000.0,1.0,163668226.0,163684000,164796000.0,7.235,3023720000.0,845000.0,76470000.0,330266000.0,18.473,-270803000.0
56,STR,MRT,2002-06-30,2002-06-30,2002-06-30,2021-08-25,-4939000.0,3108820000.0,3108086750.0,185416000.0,2923404000.0,0.381,6.703,-916959000.0,5959000.0,5959000.0,447736000.0,130164000.0,0.326,1.837,1423670000.0,369044000.0,1054626000.0,1423670000.0,0.0,178791000.0,0.0,0.029,0.358,285340000.0,464131000.0,0.392,464131000.0,285340000.0,206634000.0,0.795,0.79,0.795,1095922000.0,1073838500.0,1095922000.0,3449844239.0,12.0,7.433,-460030000.0,-2.814,1.0,736513000.0,0.622,72702000.0,78706000.0,3884313000.0,3793590500.0,26099000.0,143395000.0,0.0,143395000.0,2012898000.0,569516000.0,1443382000.0,2019308239.0,5959000.0,15467000.0,15434000.0,565018000.0,-58315000.0,515051000.0,-965914000.0,-113456000.0,456929000.0,-107000.0,130164000.0,130164000.0,130164000.0,0.0,0.0,0.11,479111000.0,257402000.0,172727000.0,0.45,1.843,15.514,15.535,2638412000.0,0.0,12.35,1.705,1.705,126232000.0,807221000.0,1184249000.0,1184249000.0,7952000.0,0.042,0.121,0.075,0.241,1945000.0,287700000.0,1.0,163506740.0,163508000,164808000.0,7.243,3036118000.0,6683000.0,76470000.0,327488000.0,18.569,-384100000.0
57,STR,MRT,2002-03-31,2002-03-31,2002-03-31,2021-08-25,-7821000.0,3151057000.0,2917314750.0,257986000.0,2893071000.0,0.406,6.593,-927691000.0,4197000.0,4197000.0,447736000.0,130164000.0,0.414,1.929,1446655000.0,371126000.0,1075529000.0,1446655000.0,0.0,169565000.0,0.0,0.028,0.355,285340000.0,454905000.0,0.384,454905000.0,285340000.0,206634000.0,0.795,0.775,0.795,1075775000.0,1052660250.0,1075775000.0,3430449022.0,12.0,7.541,-480546000.0,-2.945,1.0,736513000.0,0.622,72702000.0,78706000.0,3897238000.0,3518275500.0,16650000.0,154383000.0,0.0,154383000.0,2075282000.0,623575000.0,1451707000.0,2093911022.0,4197000.0,8458000.0,16281000.0,568007000.0,-57757000.0,542544000.0,-985464000.0,-115265000.0,447145000.0,-28000.0,130164000.0,130164000.0,130164000.0,0.0,0.0,0.11,479111000.0,257402000.0,219067000.0,0.447,1.946,16.087,16.17,2587426000.0,0.0,12.855,1.768,1.771,206562000.0,792572000.0,1184249000.0,1184249000.0,7952000.0,0.045,0.124,0.081,0.241,1945000.0,287700000.0,1.0,162886894.0,163172000,164514000.0,7.258,3078355000.0,9063000.0,76470000.0,314039000.0,18.866,-365589000.0
58,STR,MRT,2001-12-31,2001-12-31,2001-12-31,2021-08-25,26076000.0,3244496000.0,2732990000.0,352965000.0,2891531000.0,0.527,6.664,-870652000.0,11300000.0,11300000.0,730996000.0,158186000.0,0.462,2.002,1529374000.0,531951000.0,997423000.0,1529374000.0,0.0,159042000.0,0.0,0.036,0.457,311289000.0,470331000.0,0.327,470331000.0,311289000.0,246456000.0,0.975,0.97,0.975,1080781000.0,1024067000.0,1080781000.0,3376696347.0,11.0,7.179,-493194000.0,-3.041,1.0,708354000.0,0.492,90927000.0,64833000.0,3907167000.0,3221284750.0,49128000.0,158551000.0,0.0,158551000.0,2163715000.0,764476000.0,1399239000.0,2040158347.0,1884000.0,0.0,8883000.0,608308000.0,-57193000.0,559704000.0,-935052000.0,-113434000.0,377458000.0,-226000.0,158186000.0,158186000.0,158186000.0,0.0,0.0,0.11,434247000.0,274107000.0,173700000.0,0.469,1.888,12.897,12.846,2565098000.0,0.0,12.525,1.417,1.411,205457000.0,772408000.0,1439350000.0,1439350000.0,6986000.0,0.058,0.154,0.097,0.216,1945000.0,270355000.0,1.0,162886894.0,162194000,163316000.0,8.874,3153569000.0,7055000.0,88270000.0,369584000.0,19.443,-411511000.0
59,STR,MRT,2001-09-30,2001-09-30,2001-09-30,2021-08-25,18583000.0,2927974000.0,2539872750.0,273948000.0,2654026000.0,0.563,6.371,-341921000.0,0.0,0.0,729849000.0,172336000.0,0.399,1.808,1336756000.0,479619000.0,857137000.0,1336756000.0,0.0,141705000.0,0.0,0.045,0.454,336345000.0,478050000.0,0.334,478050000.0,336345000.0,264248000.0,1.035,1.04,1.035,1042876000.0,992029750.0,1042876000.0,2492755459.0,7.0,5.214,-44486000.0,-0.272,1.0,699865000.0,0.49,91663000.0,72097000.0,3485644000.0,2952297250.0,62447000.0,50180000.0,0.0,50180000.0,1885098000.0,687423000.0,1197675000.0,1633687459.0,-25386000.0,-413823000.0,18369000.0,462321000.0,-56631000.0,424667000.0,-746718000.0,-40514000.0,297435000.0,-770000.0,172336000.0,172336000.0,172336000.0,0.0,0.0,0.121,405356000.0,294509000.0,186241000.0,0.439,1.567,9.48,9.749,2437448000.0,0.0,10.09,1.143,1.155,107602000.0,744492000.0,1429714000.0,1429714000.0,2991000.0,0.068,0.174,0.114,0.235,0.0,271261000.0,1.0,161911542.0,163684000,164796000.0,8.735,2836311000.0,0.0,91912000.0,315012000.0,17.328,-413475000.0
60,STR,MRT,2001-06-30,2001-06-30,2001-06-30,2021-08-25,6993000.0,2345732000.0,2368589250.0,252597000.0,2093135000.0,0.627,6.184,-272552000.0,0.0,0.0,793806000.0,175385000.0,0.628,1.32,859076000.0,197274000.0,661802000.0,859076000.0,0.0,148536000.0,0.0,0.037,0.452,338574000.0,487110000.0,0.328,487110000.0,338574000.0,270952000.0,1.06,1.065,1.06,1011209000.0,962806250.0,1011209000.0,2853537896.0,8.0,5.858,48758000.0,0.298,1.0,690355000.0,0.465,19401000.0,67622000.0,2783053000.0,2762938750.0,42997000.0,58330000.0,0.0,58330000.0,1334523000.0,402354000.0,932169000.0,2001113896.0,-19559000.0,0.0,9968000.0,-50586000.0,-56027000.0,-86931000.0,-253569000.0,-30557000.0,321310000.0,-369000.0,175385000.0,175385000.0,175385000.0,0.0,0.0,0.118,398505000.0,291850000.0,173397000.0,0.426,1.979,11.41,11.679,1941348000.0,0.0,12.38,1.348,1.364,134574000.0,736887000.0,1484161000.0,1484161000.0,3510000.0,0.074,0.182,0.123,0.228,0.0,263881000.0,1.0,161640864.0,163508000,163276000.0,9.077,2326331000.0,0.0,95567000.0,244618000.0,14.228,-149757000.0
61,STR,MRT,2001-03-31,2001-03-31,2001-03-31,2021-08-25,-29012000.0,2413758000.0,2356666250.0,368644000.0,2045114000.0,0.633,5.954,-216404000.0,26518000.0,26518000.0,815486000.0,172219000.0,0.687,1.511,878950000.0,209372000.0,669578000.0,878950000.0,0.0,148293000.0,0.0,0.033,0.449,329154000.0,477447000.0,0.32,477447000.0,329154000.0,265612000.0,1.045,1.065,1.045,961402000.0,948813000.0,961402000.0,3118626885.0,9.0,6.532,17402000.0,0.108,1.0,676603000.0,0.453,19958000.0,63542000.0,2709275000.0,2780856750.0,39294000.0,56475000.0,0.0,56475000.0,1452356000.0,536957000.0,915399000.0,2209753885.0,-3857000.0,0.0,5004000.0,-17399000.0,-55472000.0,-54279000.0,-182554000.0,-15690000.0,233806000.0,-830000.0,172219000.0,172219000.0,172219000.0,0.0,0.0,0.115,393095000.0,283508000.0,257266000.0,0.43,2.298,12.831,13.11,1871134000.0,0.0,13.7,1.481,1.483,270430000.0,726548000.0,1492089000.0,1492089000.0,2377000.0,0.073,0.182,0.118,0.221,0.0,257305000.0,1.0,161295904.0,161464000,163038000.0,9.241,2393800000.0,0.0,93393000.0,220425000.0,14.826,-168313000.0
62,STR,MRT,2000-12-31,2000-12-31,2000-12-31,2021-08-25,12587000.0,2472027000.0,2334772750.0,418945000.0,2053082000.0,0.542,5.923,-305818000.0,9416000.0,9416000.0,612883000.0,149477000.0,0.784,1.595,923684000.0,209147000.0,714537000.0,923684000.0,0.0,148293000.0,0.0,0.023,0.343,291426000.0,439719000.0,0.347,439719000.0,291426000.0,227916000.0,0.93,0.925,0.93,952632000.0,947033000.0,952632000.0,3271649618.0,11.0,7.44,-53751000.0,-0.334,1.0,653270000.0,0.516,20514000.0,63510000.0,2831217000.0,2811797500.0,40534000.0,67524000.0,0.0,67524000.0,1519395000.0,534564000.0,984831000.0,2420525618.0,1125000.0,0.0,-9807000.0,46231000.0,-55084000.0,15635000.0,-265602000.0,-9324000.0,252067000.0,-975000.0,149477000.0,149477000.0,149477000.0,0.0,0.0,0.118,405303000.0,247967000.0,273884000.0,0.369,2.541,16.193,16.161,1886975000.0,0.0,15.03,1.912,1.909,314547000.0,671415000.0,1266153000.0,1266153000.0,7917000.0,0.064,0.158,0.104,0.23,0.0,251477000.0,1.0,161046282.0,160824000,161830000.0,7.873,2451513000.0,9694000.0,78439000.0,262631000.0,15.243,-115619000.0
63,STR,MRT,2000-09-30,2000-09-30,2000-09-30,2021-08-25,29784000.0,2242840000.0,2262949500.0,237751000.0,2005089000.0,0.486,5.771,-249236000.0,25386000.0,25386000.0,476124000.0,118157000.0,0.691,1.422,876510000.0,152458000.0,724052000.0,876510000.0,0.0,144529000.0,0.0,0.024,0.34,245062000.0,389591000.0,0.354,389591000.0,245062000.0,182011000.0,0.73,0.735,0.73,925982000.0,932504000.0,925982000.0,3121022043.0,13.0,8.011,12177000.0,0.076,1.0,623714000.0,0.567,21453000.0,63051000.0,2728210000.0,2775784500.0,36770000.0,102633000.0,0.0,102633000.0,1316858000.0,344301000.0,972557000.0,2229561043.0,25386000.0,0.0,-34035000.0,49667000.0,-54985000.0,-37480000.0,-198263000.0,50973000.0,261413000.0,-284000.0,118157000.0,118157000.0,118157000.0,0.0,0.0,0.107,405473000.0,218241000.0,188469000.0,0.466,2.408,18.869,19.062,1831350000.0,0.0,13.915,2.027,2.03,155556000.0,634766000.0,1099838000.0,1099838000.0,6942000.0,0.052,0.127,0.088,0.223,0.0,241289000.0,1.0,160227168.0,160446000,161724000.0,6.855,2221387000.0,0.0,63854000.0,202020000.0,13.845,-106550000.0
64,STR,MRT,2000-06-30,2000-06-30,2000-06-30,2021-08-25,40290000.0,2298040000.0,2244307750.0,230142000.0,2067898000.0,0.462,5.964,-248608000.0,23871000.0,23871000.0,443262000.0,106853000.0,0.746,1.406,911013000.0,146309000.0,764704000.0,911013000.0,0.0,143221000.0,0.0,0.035,0.34,223135000.0,366356000.0,0.353,366356000.0,223135000.0,162748000.0,0.66,0.66,0.66,955236000.0,936949500.0,955236000.0,2446734275.0,11.0,6.679,-51573000.0,-0.322,1.0,594529000.0,0.573,21961000.0,60387000.0,2854725000.0,2773522250.0,26616000.0,123071000.0,0.0,123071000.0,1342804000.0,308496000.0,1034308000.0,1550358275.0,19559000.0,0.0,-42921000.0,134950000.0,-55405000.0,36266000.0,-213178000.0,35430000.0,197035000.0,-564000.0,106853000.0,106853000.0,106853000.0,0.0,0.0,0.103,392412000.0,202117000.0,158886000.0,0.515,1.623,14.509,14.682,1870609000.0,0.0,9.69,1.494,1.495,173452000.0,657585000.0,1037791000.0,1037791000.0,5321000.0,0.048,0.114,0.08,0.215,0.0,234966000.0,1.0,159995694.0,160156000,160704000.0,6.48,2276079000.0,0.0,55895000.0,226100000.0,14.212,-78354000.0
65,STR,MRT,2000-03-31,2000-03-31,2000-03-31,2021-08-25,50431000.0,2326184000.0,2194067000.0,229045000.0,2097139000.0,0.448,5.907,-256984000.0,41167000.0,41167000.0,417894000.0,103718000.0,0.665,1.438,900226000.0,137000000.0,763226000.0,900226000.0,0.0,141415000.0,0.0,0.036,0.338,212164000.0,353579000.0,0.36,353579000.0,212164000.0,155631000.0,0.635,0.635,0.635,954282000.0,932301750.0,954282000.0,2330578385.0,11.0,6.591,-43182000.0,-0.267,1.0,565213000.0,0.575,7550000.0,56533000.0,2833038000.0,2712866500.0,20823000.0,145245000.0,0.0,145245000.0,1371902000.0,344655000.0,1027247000.0,1496431385.0,617000.0,0.0,-41646000.0,150755000.0,-55431000.0,20342000.0,-233340000.0,23644000.0,213802000.0,-187000.0,103718000.0,103718000.0,103718000.0,0.0,0.0,0.106,377596000.0,187617000.0,192590000.0,0.532,1.568,14.428,14.614,1859854000.0,0.0,9.28,1.522,1.525,192638000.0,644989000.0,983107000.0,983107000.0,5321000.0,0.047,0.111,0.078,0.216,0.0,226459000.0,1.0,161253382.0,161564000,161564000.0,6.085,2318634000.0,0.0,51913000.0,229058000.0,14.351,-115610000.0
66,STR,MRT,1999-12-31,1999-12-31,1999-12-31,2021-08-25,39057000.0,2184734000.0,2136690000.0,238860000.0,1945874000.0,0.433,5.418,-170093000.0,45018000.0,45018000.0,385278000.0,96852000.0,0.737,1.442,879158000.0,144115000.0,735043000.0,879158000.0,0.0,139124000.0,0.0,0.045,0.335,197483000.0,336607000.0,0.364,336607000.0,197483000.0,143539000.0,0.585,0.585,0.585,894516000.0,924369250.0,894516000.0,2064417480.0,10.0,6.133,37238000.0,0.226,1.0,538941000.0,0.583,7750000.0,53944000.0,2687165000.0,2633077500.0,37614000.0,120214000.0,0.0,120214000.0,1290218000.0,323959000.0,966259000.0,1236621480.0,-9198000.0,0.0,-20451000.0,33019000.0,-55328000.0,-75494000.0,-141136000.0,28957000.0,207331000.0,101000.0,96852000.0,96852000.0,96852000.0,0.0,0.0,0.105,366102000.0,172839000.0,132473000.0,0.573,1.382,12.768,12.821,1733651000.0,0.0,7.5,1.338,1.34,181274000.0,577022000.0,924219000.0,924219000.0,5321000.0,0.045,0.105,0.075,0.214,0.0,221082000.0,1.0,164882864.0,165094000,165352000.0,5.598,2176984000.0,0.0,46687000.0,234515000.0,13.186,-85099000.0
67,STR,MRT,1999-09-30,1999-09-30,1999-09-30,2021-08-25,43089000.0,2168273000.0,2130826750.0,178682000.0,1989591000.0,0.43,5.711,-379219000.0,0.0,0.0,356122000.0,105533000.0,0.649,1.297,827790000.0,135720000.0,692070000.0,827790000.0,0.0,137015000.0,0.0,0.037,0.333,205838000.0,342853000.0,0.375,342853000.0,205838000.0,153793000.0,0.64,0.635,0.64,943764000.0,920229750.0,943764000.0,2275273350.0,11.0,6.636,-151123000.0,-0.915,1.0,559354000.0,0.611,1465000.0,52045000.0,2719161000.0,2598737750.0,36374000.0,171691000.0,0.0,171691000.0,1224509000.0,275437000.0,949072000.0,1499349350.0,-965000.0,155200000.0,-1082000.0,32718000.0,-54943000.0,-18372000.0,-210429000.0,13590000.0,228096000.0,-260000.0,105533000.0,105533000.0,105533000.0,0.0,0.0,0.115,390970000.0,168384000.0,139717000.0,0.52,1.589,14.207,14.164,1771099000.0,0.0,9.065,1.638,1.636,117671000.0,605208000.0,915476000.0,915476000.0,6069000.0,0.05,0.115,0.079,0.225,0.0,208175000.0,1.0,165399818.0,165244000,165654000.0,5.54,2166808000.0,0.0,48260000.0,231335000.0,13.113,-96755000.0
68,STR,MRT,1999-06-30,1999-06-30,1999-06-30,2021-08-25,36158000.0,2097077000.0,2099402000.0,141703000.0,1955374000.0,0.42,5.664,-376997000.0,0.0,0.0,338456000.0,98666000.0,0.543,1.239,775924000.0,119735000.0,656189000.0,775924000.0,0.0,132561000.0,0.0,0.035,0.33,193052000.0,325613000.0,0.369,325613000.0,193052000.0,142142000.0,0.595,0.595,0.595,936645000.0,902210250.0,936645000.0,2324535941.0,12.0,7.139,-132580000.0,-0.802,1.0,544232000.0,0.617,0.0,50910000.0,2612102000.0,2534458000.0,23262000.0,150909000.0,0.0,150909000.0,1160432000.0,260899000.0,899533000.0,1580601941.0,0.0,0.0,5752000.0,179793000.0,-54485000.0,137364000.0,-381497000.0,-4500000.0,244417000.0,-284000.0,98666000.0,98666000.0,98666000.0,0.0,0.0,0.112,385071000.0,159161000.0,139711000.0,0.555,1.688,16.02,16.076,1754307000.0,0.0,9.565,1.791,1.792,109479000.0,601921000.0,882688000.0,882688000.0,6069000.0,0.047,0.109,0.076,0.219,0.0,205461000.0,1.0,165248504.0,165356000,165740000.0,5.338,2097077000.0,0.0,43476000.0,216069000.0,12.682,-119196000.0
69,STR,MRT,1999-03-31,1999-03-31,1999-03-31,2021-08-25,31294000.0,2096676000.0,2035910500.0,183395000.0,1913281000.0,0.434,5.581,-368372000.0,3240000.0,3240000.0,342641000.0,91792000.0,0.561,1.273,747174000.0,133006000.0,614168000.0,747174000.0,0.0,125705000.0,0.0,0.039,0.33,180482000.0,306187000.0,0.346,306187000.0,180482000.0,131054000.0,0.55,0.55,0.55,922552000.0,887349250.0,922552000.0,2225653990.0,12.0,7.269,-107926000.0,-0.653,1.0,541346000.0,0.612,0.0,49428000.0,2513882000.0,2435002000.0,21649000.0,137272000.0,0.0,137272000.0,1174124000.0,326728000.0,847396000.0,1400266990.0,3240000.0,0.0,8103000.0,171354000.0,-54433000.0,131355000.0,-388195000.0,-19823000.0,260446000.0,-366000.0,91792000.0,91792000.0,91792000.0,0.0,0.0,0.104,387650000.0,153696000.0,181124000.0,0.6,1.518,15.255,15.4,1730951000.0,0.0,8.47,1.584,1.584,148409000.0,594705000.0,883987000.0,883987000.0,6069000.0,0.045,0.103,0.074,0.204,0.0,208948000.0,1.0,165320778.0,165310000,165544000.0,5.347,2096676000.0,0.0,39262000.0,205562000.0,12.683,-143333000.0
70,STR,MRT,1998-12-31,1998-12-31,1998-12-31,2021-08-25,18067000.0,2161281000.0,1977717000.0,246867000.0,1914414000.0,0.458,5.33,-376197000.0,17489000.0,17489000.0,367932000.0,89310000.0,0.565,1.462,842876000.0,227106000.0,615770000.0,842876000.0,0.0,122254000.0,0.0,0.034,0.326,173328000.0,295582000.0,0.326,295582000.0,173328000.0,125357000.0,0.54,0.54,0.54,877958000.0,877267500.0,877958000.0,2388739409.0,14.0,8.081,-98192000.0,-0.596,1.0,538324000.0,0.594,0.0,47971000.0,2549806000.0,2366453250.0,37817000.0,115548000.0,0.0,115548000.0,1283323000.0,436862000.0,846461000.0,1598678409.0,218000.0,0.0,7566000.0,165445000.0,-53747000.0,125625000.0,-403105000.0,-26908000.0,278005000.0,-307000.0,89310000.0,89310000.0,89310000.0,0.0,0.0,0.099,384934000.0,153390000.0,170670000.0,0.604,1.821,17.9,17.944,1747641000.0,0.0,9.69,1.764,1.761,177630000.0,564958000.0,906256000.0,906256000.0,6069000.0,0.045,0.102,0.073,0.191,0.0,208191000.0,1.0,164982292.0,164730000,165634000.0,5.501,2161281000.0,9409000.0,36047000.0,234651000.0,13.12,-189995000.0
71,STR,MRT,1998-09-30,1998-09-30,1998-09-30,2021-08-25,13044000.0,2042574000.0,1923651000.0,162437000.0,1880137000.0,0.477,5.288,-201585000.0,965000.0,965000.0,380674000.0,99801000.0,0.438,1.343,791026000.0,236624000.0,554402000.0,791026000.0,0.0,123190000.0,0.0,0.034,0.323,187996000.0,311186000.0,0.339,311186000.0,187996000.0,141718000.0,0.605,0.6,0.605,871686000.0,869222500.0,871686000.0,2180304530.0,12.0,7.006,44302000.0,0.269,1.0,536722000.0,0.585,0.0,46278000.0,2462042000.0,2304198750.0,37277000.0,113773000.0,0.0,113773000.0,1170888000.0,370593000.0,800295000.0,1585690530.0,-758000.0,-155200000.0,3665000.0,192834000.0,-53050000.0,149195000.0,-395840000.0,-39055000.0,245887000.0,0.0,99801000.0,99801000.0,99801000.0,0.0,0.0,0.109,371966000.0,164756000.0,133969000.0,0.534,1.819,15.889,15.909,1715408000.0,0.0,9.625,1.728,1.729,87661000.0,566967000.0,917396000.0,917396000.0,0.0,0.052,0.115,0.082,0.205,0.0,206764000.0,1.0,164747068.0,164834000,165322000.0,5.566,2042574000.0,0.0,41917000.0,215336000.0,12.392,-208156000.0
72,STR,MRT,1998-06-30,1998-06-30,1998-06-30,2021-08-25,20541000.0,1843111000.0,,150431000.0,1692680000.0,,5.329,-201905000.0,0.0,0.0,375253000.0,107292000.0,0.673,1.101,594614000.0,90970000.0,503644000.0,594614000.0,0.0,120856000.0,0.0,0.033,0.319,198691000.0,319547000.0,0.353,319547000.0,198691000.0,153951000.0,0.65,0.645,0.65,877201000.0,,877201000.0,2191510952.0,11.0,6.858,38736000.0,0.235,1.0,530493000.0,0.586,0.0,44740000.0,2214278000.0,,22650000.0,99980000.0,0.0,99980000.0,965910000.0,223447000.0,742463000.0,1614515952.0,0.0,0.0,583000.0,22456000.0,-52424000.0,-28656000.0,-211985000.0,-10080000.0,240641000.0,0.0,107292000.0,107292000.0,107292000.0,0.0,0.0,0.118,363568000.0,166925000.0,132477000.0,0.491,1.841,15.048,15.1,1544998000.0,0.0,9.815,1.783,1.784,104080000.0,572303000.0,905746000.0,905746000.0,0.0,,,,0.219,0.0,203838000.0,1.0,164494748.0,164616000,165728000.0,5.502,1843111000.0,0.0,46659000.0,210859000.0,11.196,-73016000.0
73,STR,MRT,1998-03-31,1998-03-31,1998-03-31,2021-08-25,30349000.0,1863902000.0,,197656000.0,1666246000.0,,5.366,-196023000.0,0.0,0.0,352551000.0,104703000.0,0.982,1.113,576995000.0,34312000.0,542683000.0,576995000.0,0.0,122963000.0,0.0,0.03,0.312,194129000.0,317092000.0,0.361,317092000.0,194129000.0,149736000.0,0.635,0.63,0.635,882225000.0,,882225000.0,2370765207.0,12.0,7.477,51827000.0,0.315,1.0,525491000.0,0.598,0.0,44393000.0,2239687000.0,,13617000.0,66182000.0,0.0,66182000.0,981677000.0,201210000.0,780467000.0,1708782207.0,0.0,0.0,-2524000.0,-5794000.0,-51465000.0,-59030000.0,-188820000.0,7203000.0,247850000.0,0.0,104703000.0,104703000.0,104703000.0,0.0,0.0,0.119,360202000.0,165289000.0,166898000.0,0.491,1.937,16.32,16.362,1525099000.0,0.0,10.39,1.946,1.946,166203000.0,569644000.0,878042000.0,878042000.0,0.0,,,,0.221,0.0,201658000.0,1.0,164464120.0,164416000,165734000.0,5.34,1863902000.0,0.0,45033000.0,211622000.0,11.337,-3554000.0
74,STR,MRT,1997-12-31,1997-12-31,1997-12-31,2021-08-25,22966000.0,1945017000.0,1880621000.0,285024000.0,1659993000.0,0.498,5.147,-186801000.0,17271000.0,17271000.0,399941000.0,104795000.0,0.931,1.3,679254000.0,137268000.0,541986000.0,679254000.0,0.0,122517000.0,0.0,0.028,0.31,194163000.0,316680000.0,0.338,316680000.0,194163000.0,150397000.0,0.635,0.635,0.635,845778000.0,808931500.0,845778000.0,,,,15877000.0,0.097,1.0,536396000.0,0.573,0.0,43766000.0,2300788000.0,2252504000.0,29068000.0,85877000.0,0.0,85877000.0,1099239000.0,306212000.0,793027000.0,1835008419.0,11568000.0,0.0,-1291000.0,42968000.0,-51135000.0,-8699000.0,-182411000.0,4390000.0,202678000.0,0.0,104795000.0,104795000.0,104795000.0,0.0,0.0,0.112,366241000.0,170155000.0,134976000.0,0.488,2.17,17.51,17.571,1531220000.0,0.0,11.158,1.96,1.958,187014000.0,541663000.0,936337000.0,936337000.0,0.0,0.056,0.13,0.086,0.207,0.0,204834000.0,1.0,164464120.0,164332000,165334000.0,5.698,1945017000.0,10923000.0,45602000.0,247214000.0,11.836,-21188000.0
75,STR,MRT,1997-09-30,1997-09-30,1997-09-30,2021-08-25,,,,,,,,,,,,,,,,,,,,,,0.03,0.307,,,,,,,,,,,,,,,,,,1.0,,,,,,,,,,,,,,,,,,,,,,,,,,,,,,,,,,,,,,,,10.158,,,,,,,,,,,,,,1.0,,164508000,,,,,,,,
76,STR,MRT,1997-06-30,1997-06-30,1997-06-30,2021-08-25,,,,,,,,,,,,,,,,,,,,,,0.03,0.302,,,,,,,,,,,,,,,,,,1.0,,,,,,,,,,,,,,,,,,,,,,,,,,,,,,,,,,,,,,,,10.095,,,,,,,,,,,,,,1.0,,164354000,,,,,,,,
77,STR,MRT,1997-03-31,1997-03-31,1997-03-31,2021-08-25,,,,,,,,,,,,,,,,,,,,,,0.033,0.3,,,,,,,,,,,,,,,,,,1.0,,,,,,,,,,,,,,,,,,,,,,,,,,,,,,,,,,,,,,,,9.0,,,,,,,,,,,,,,1.0,,164212000,,,,,,,,
78,STR,MRT,1996-12-31,1996-12-31,1996-12-31,2021-08-25,7229000.0,1816225000.0,,244267000.0,1571958000.0,,4.728,-287489000.0,5703000.0,5703000.0,314271000.0,98145000.0,1.0,1.352,638014000.0,82505000.0,555509000.0,638014000.0,0.0,110006000.0,0.0,0.032,0.297,184590000.0,294596000.0,0.36,294596000.0,184590000.0,143507000.0,0.6,0.595,0.6,772085000.0,,772085000.0,,,,-104568000.0,-0.64,1.0,503710000.0,0.616,0.0,41083000.0,2204220000.0,,22343000.0,57804000.0,0.0,57804000.0,1044140000.0,244316000.0,799824000.0,,581000.0,10418000.0,8837000.0,120115000.0,-48980000.0,85875000.0,-268215000.0,8856000.0,182921000.0,0.0,98145000.0,98145000.0,98145000.0,0.0,0.0,0.12,332087000.0,171623000.0,136773000.0,0.495,,,15.312,1477336000.0,0.0,9.188,,1.834,188816000.0,487799000.0,817981000.0,817981000.0,0.0,,,,0.226,0.0,196389000.0,1.0,,163310000,164144000.0,5.009,1816225000.0,11223000.0,45362000.0,218760000.0,11.121,-49000.0
79,STR,MRT,1995-12-31,1995-12-31,1995-12-31,2021-08-25,,,,,,,,-114820000.0,,,199419000.0,83786000.0,,,,,,,,101093000.0,,0.034,0.287,159340000.0,260433000.0,0.401,260433000.0,159340000.0,116525000.0,0.512,0.512,0.512,,,,,,,89351000.0,0.551,1.0,449868000.0,0.693,,42815000.0,,,,,,,,,,,-2427000.0,11406000.0,7221000.0,-71685000.0,-47525000.0,-109605000.0,-96993000.0,6421000.0,204171000.0,0.0,83786000.0,83786000.0,83786000.0,0.0,0.0,0.129,307842000.0,142026000.0,,0.561,,,16.357,,0.0,8.375,,2.092,,,649287000.0,649287000.0,0.0,,,,0.245,0.0,179725000.0,1.0,,162208000,162748000.0,4.003,,,32739000.0,,,
