None,ticker,dimension,calendardate,datekey,reportperiod,lastupdated,accoci,assets,assetsavg,assetsc,assetsnc,assetturnover,bvps,capex,cashneq,cashnequsd,cor,consolinc,currentratio,de,debt,debtc,debtnc,debtusd,deferredrev,depamor,deposits,divyield,dps,ebit,ebitda,ebitdamargin,ebitdausd,ebitusd,ebt,eps,epsdil,epsusd,equity,equityavg,equityusd,ev,evebit,evebitda,fcf,fcfps,fxusd,gp,grossmargin,intangibles,intexp,invcap,invcapavg,inventory,investments,investmentsc,investmentsnc,liabilities,liabilitiesc,liabilitiesnc,marketcap,ncf,ncfbus,ncfcommon,ncfdebt,ncfdiv,ncff,ncfi,ncfinv,ncfo,ncfx,netinc,netinccmn,netinccmnusd,netincdis,netincnci,netmargin,opex,opinc,payables,payoutratio,pb,pe,pe1,ppnenet,prefdivis,price,ps,ps1,receivables,retearn,revenue,revenueusd,rnd,roa,roe,roic,ros,sbcomp,sgna,sharefactor,sharesbas,shareswa,shareswadil,sps,tangibles,taxassets,taxexp,taxliabilities,tbvps,workingcapital
0,EMR,MRY,2020-12-31,2020-09-30,2020-09-30,2021-09-07,-1577000000.0,22882000000.0,21856000000.0,8806000000.0,14076000000.0,0.768,14.065,-538000000.0,3315000000.0,3315000000.0,9776000000.0,1990000000.0,1.522,1.717,7486000000.0,1160000000.0,6326000000.0,7486000000.0,0.0,854000000.0,0.0,0.031,2.0,2466000000.0,3320000000.0,0.198,3320000000.0,2466000000.0,2310000000.0,3.26,3.24,3.26,8405000000.0,8043500000.0,8405000000.0,43959102260.0,18.0,13.241,2545000000.0,4.259,1.0,7009000000.0,0.418,9202000000.0,156000000.0,12066000000.0,10832000000.0,1928000000.0,0.0,0.0,0.0,14435000000.0,5785000000.0,8650000000.0,39184102260.0,1821000000.0,-126000000.0,-942000000.0,1640000000.0,-1209000000.0,-509000000.0,-740000000.0,0.0,3083000000.0,-13000000.0,1965000000.0,1965000000.0,1965000000.0,0.0,25000000.0,0.117,4518000000.0,2491000000.0,1715000000.0,0.613,4.662,19.941,20.113,3688000000.0,0.0,65.57,2.334,2.334,2802000000.0,24955000000.0,16785000000.0,16785000000.0,0.0,0.09,0.244,0.228,0.147,110000000.0,3986000000.0,1.0,597591921.0,597591921.0,,28.088,13680000000.0,0.0,345000000.0,0.0,22.892,3021000000.0
1,EMR,MRY,2019-12-31,2019-09-30,2019-09-30,2021-09-07,-1722000000.0,20497000000.0,20828500000.0,7139000000.0,13358000000.0,0.882,13.385,-594000000.0,1494000000.0,1494000000.0,10557000000.0,2328000000.0,1.195,1.485,5721000000.0,1444000000.0,4277000000.0,5721000000.0,0.0,822000000.0,0.0,0.029,1.96,3011000000.0,3833000000.0,0.209,3833000000.0,3011000000.0,2837000000.0,3.74,3.71,3.74,8233000000.0,8437500000.0,8233000000.0,45735683749.0,15.0,11.932,2412000000.0,3.921,1.0,7815000000.0,0.425,9151000000.0,174000000.0,9597000000.0,9647750000.0,1880000000.0,0.0,0.0,0.0,12224000000.0,5976000000.0,6248000000.0,41125683749.0,401000000.0,-455000000.0,-1250000000.0,1029000000.0,-1209000000.0,-1391000000.0,-1174000000.0,0.0,3006000000.0,-40000000.0,2306000000.0,2306000000.0,2306000000.0,0.0,22000000.0,0.126,4782000000.0,3033000000.0,1874000000.0,0.524,4.995,17.834,17.877,3642000000.0,0.0,66.86,2.238,2.238,2985000000.0,24199000000.0,18372000000.0,18372000000.0,0.0,0.111,0.273,0.312,0.164,120000000.0,4457000000.0,1.0,615101462.0,615101462.0,,29.868,11346000000.0,0.0,531000000.0,0.0,18.446,1163000000.0
2,EMR,MRY,2018-12-31,2018-09-30,2018-09-30,2021-09-07,-1015000000.0,20390000000.0,20130000000.0,6619000000.0,13771000000.0,0.865,14.236,-617000000.0,1093000000.0,1093000000.0,9976000000.0,2224000000.0,1.074,1.274,4760000000.0,1623000000.0,3137000000.0,4760000000.0,0.0,758000000.0,0.0,0.025,1.94,2805000000.0,3563000000.0,0.205,3563000000.0,2805000000.0,2646000000.0,3.48,3.46,3.48,8947000000.0,8550250000.0,8947000000.0,50704891896.0,18.0,14.231,2275000000.0,3.62,1.0,7432000000.0,0.427,9206000000.0,159000000.0,8687000000.0,8440250000.0,1813000000.0,0.0,0.0,0.0,11400000000.0,6164000000.0,5236000000.0,48127891896.0,-1969000000.0,-2002000000.0,-1000000000.0,102000000.0,-1229000000.0,-2092000000.0,-2720000000.0,0.0,2892000000.0,-49000000.0,2203000000.0,2203000000.0,2203000000.0,0.0,21000000.0,0.127,4606000000.0,2826000000.0,1943000000.0,0.557,5.379,21.847,22.006,3562000000.0,0.0,76.58,2.765,2.765,3023000000.0,23072000000.0,17408000000.0,17408000000.0,0.0,0.109,0.258,0.332,0.161,216000000.0,4269000000.0,1.0,628465551.0,628465551.0,,27.699,11184000000.0,0.0,443000000.0,0.0,17.796,455000000.0
3,EMR,MRY,2017-12-31,2017-09-30,2017-09-30,2021-09-07,-1019000000.0,19589000000.0,18434750000.0,8252000000.0,11337000000.0,0.828,13.621,-476000000.0,3062000000.0,3062000000.0,8833000000.0,1550000000.0,1.636,1.241,4656000000.0,862000000.0,3794000000.0,4656000000.0,0.0,636000000.0,0.0,0.031,1.92,2343000000.0,2979000000.0,0.195,2979000000.0,2343000000.0,2178000000.0,2.35,2.35,2.35,8718000000.0,8100750000.0,8718000000.0,42238832669.0,18.0,14.179,1436000000.0,2.244,1.0,6431000000.0,0.421,7206000000.0,165000000.0,8932000000.0,8524500000.0,1696000000.0,0.0,0.0,0.0,10819000000.0,5045000000.0,5774000000.0,40218832669.0,-120000000.0,2096000000.0,-400000000.0,-1979000000.0,-1239000000.0,-3591000000.0,1514000000.0,0.0,1912000000.0,45000000.0,1518000000.0,1518000000.0,1518000000.0,125000000.0,32000000.0,0.099,3931000000.0,2500000000.0,1776000000.0,0.817,4.613,26.495,26.74,3321000000.0,0.0,62.84,2.635,2.635,3072000000.0,21995000000.0,15264000000.0,15264000000.0,0.0,0.082,0.187,0.275,0.153,110000000.0,3607000000.0,1.0,640019616.0,640019616.0,,23.849,12383000000.0,0.0,660000000.0,65000000.0,19.348,3207000000.0
4,EMR,MRY,2016-12-31,2016-09-30,2016-09-30,2021-09-07,-1999000000.0,21732000000.0,21782500000.0,9960000000.0,11772000000.0,0.667,11.76,-447000000.0,3182000000.0,3182000000.0,8260000000.0,1664000000.0,1.244,1.865,6635000000.0,2584000000.0,4051000000.0,6635000000.0,0.0,568000000.0,0.0,0.035,1.9,2520000000.0,3088000000.0,0.213,3088000000.0,2520000000.0,2332000000.0,2.53,2.52,2.53,7568000000.0,7654250000.0,7568000000.0,38845225473.0,15.0,12.579,2434000000.0,3.782,1.0,6262000000.0,0.431,4811000000.0,188000000.0,12366000000.0,10227500000.0,1208000000.0,0.0,0.0,0.0,14114000000.0,8008000000.0,6106000000.0,35079225473.0,128000000.0,-209000000.0,-601000000.0,-198000000.0,-1227000000.0,-2045000000.0,-626000000.0,0.0,2881000000.0,-82000000.0,1635000000.0,1635000000.0,1635000000.0,0.0,29000000.0,0.113,3758000000.0,2504000000.0,1517000000.0,0.751,4.635,21.455,21.545,2931000000.0,0.0,54.51,2.416,2.416,2701000000.0,21716000000.0,14522000000.0,14522000000.0,0.0,0.075,0.214,0.246,0.174,0.0,3464000000.0,1.0,643537433.0,643537433.0,,22.566,16921000000.0,0.0,697000000.0,180000000.0,26.294,1952000000.0
5,EMR,MRY,2015-12-31,2015-09-30,2015-09-30,2021-09-07,-1617000000.0,22088000000.0,23061000000.0,10049000000.0,12039000000.0,0.705,12.297,-588000000.0,3054000000.0,3054000000.0,9241000000.0,2733000000.0,1.288,1.728,6841000000.0,2552000000.0,4289000000.0,6841000000.0,0.0,573000000.0,0.0,0.043,1.88,4152000000.0,4725000000.0,0.291,4725000000.0,4152000000.0,3977000000.0,4.01,3.99,4.01,8081000000.0,8815250000.0,8081000000.0,33101884357.0,8.0,7.006,1941000000.0,2.954,1.0,7008000000.0,0.431,4785000000.0,175000000.0,13290000000.0,10783500000.0,1265000000.0,0.0,0.0,0.0,13960000000.0,7800000000.0,6160000000.0,29025884357.0,-95000000.0,1400000000.0,-2501000000.0,841000000.0,-1269000000.0,-2948000000.0,591000000.0,0.0,2529000000.0,-267000000.0,2710000000.0,2710000000.0,2710000000.0,0.0,23000000.0,0.167,4065000000.0,2943000000.0,1537000000.0,0.469,3.592,10.711,11.015,2929000000.0,0.0,44.17,1.786,1.786,2870000000.0,21308000000.0,16249000000.0,16249000000.0,0.0,0.118,0.307,0.385,0.256,0.0,3735000000.0,1.0,657140239.0,657140239.0,,24.727,17303000000.0,0.0,1267000000.0,87000000.0,26.331,2249000000.0
6,EMR,MRY,2014-12-31,2014-09-30,2014-09-30,2021-09-07,-575000000.0,24177000000.0,24440500000.0,10867000000.0,13310000000.0,0.726,14.499,-651000000.0,3149000000.0,3149000000.0,9971000000.0,2184000000.0,1.285,1.385,6024000000.0,2465000000.0,3559000000.0,6024000000.0,0.0,569000000.0,0.0,0.027,1.72,3296000000.0,3865000000.0,0.218,3865000000.0,3296000000.0,3100000000.0,3.05,3.03,3.05,10119000000.0,10539250000.0,10119000000.0,47166536282.0,14.0,12.204,3041000000.0,4.357,1.0,7762000000.0,0.438,8871000000.0,196000000.0,9727000000.0,10269500000.0,2057000000.0,0.0,0.0,0.0,14010000000.0,8454000000.0,5556000000.0,43675536282.0,-126000000.0,-353000000.0,-1048000000.0,294000000.0,-1210000000.0,-2559000000.0,-1159000000.0,0.0,3692000000.0,-100000000.0,2147000000.0,2147000000.0,2147000000.0,0.0,37000000.0,0.121,4375000000.0,3387000000.0,2951000000.0,0.564,4.316,20.343,20.518,3802000000.0,0.0,62.58,2.463,2.463,5019000000.0,19867000000.0,17733000000.0,17733000000.0,0.0,0.088,0.204,0.321,0.186,0.0,4164000000.0,1.0,697915249.0,697915249.0,,25.409,15306000000.0,0.0,953000000.0,162000000.0,21.931,2413000000.0
7,EMR,MRY,2013-12-31,2013-09-30,2013-09-30,2021-09-07,-189000000.0,24711000000.0,23929750000.0,10999000000.0,13712000000.0,1.031,14.814,-678000000.0,3275000000.0,3275000000.0,14717000000.0,2066000000.0,1.442,1.322,5642000000.0,1587000000.0,4055000000.0,5642000000.0,0.0,819000000.0,0.0,0.025,1.64,3352000000.0,4171000000.0,0.169,4171000000.0,3352000000.0,3134000000.0,2.78,2.76,2.78,10585000000.0,10427750000.0,10585000000.0,48965184427.0,15.0,11.739,2971000000.0,4.158,1.0,9952000000.0,0.403,9181000000.0,218000000.0,10272000000.0,10063750000.0,1895000000.0,0.0,0.0,0.0,13993000000.0,7625000000.0,6368000000.0,46230184427.0,908000000.0,-16000000.0,-1110000000.0,349000000.0,-1181000000.0,-1933000000.0,-789000000.0,0.0,3649000000.0,-19000000.0,2004000000.0,2004000000.0,2004000000.0,0.0,62000000.0,0.081,6538000000.0,3414000000.0,2725000000.0,0.59,4.368,23.069,23.273,3605000000.0,0.0,64.7,1.874,1.874,4808000000.0,18930000000.0,24669000000.0,24669000000.0,0.0,0.084,0.192,0.333,0.136,0.0,5648000000.0,1.0,714531444.0,714531444.0,,34.525,15530000000.0,0.0,1130000000.0,129000000.0,21.735,3374000000.0
8,EMR,MRY,2012-12-31,2012-09-30,2012-09-30,2021-09-07,-731000000.0,23818000000.0,23930500000.0,10126000000.0,13692000000.0,1.02,14.155,-665000000.0,2367000000.0,2367000000.0,14644000000.0,2024000000.0,1.42,1.299,5293000000.0,1506000000.0,3787000000.0,5293000000.0,0.0,823000000.0,0.0,0.033,1.6,3283000000.0,4106000000.0,0.168,4106000000.0,3283000000.0,3059000000.0,2.68,2.67,2.68,10295000000.0,10378750000.0,10295000000.0,38664916882.0,12.0,9.417,2388000000.0,3.283,1.0,9768000000.0,0.4,9864000000.0,224000000.0,9747000000.0,9894000000.0,2125000000.0,0.0,0.0,0.0,13376000000.0,7133000000.0,6243000000.0,35107916882.0,315000000.0,-62000000.0,-797000000.0,90000000.0,-1171000000.0,-1899000000.0,-806000000.0,0.0,3053000000.0,-33000000.0,1968000000.0,1968000000.0,1968000000.0,0.0,56000000.0,0.081,6429000000.0,3339000000.0,2767000000.0,0.597,3.41,17.839,18.011,3509000000.0,0.0,48.27,1.438,1.438,4983000000.0,18107000000.0,24412000000.0,24412000000.0,0.0,0.082,0.19,0.332,0.134,0.0,5436000000.0,1.0,727323739.0,727323739.0,,33.564,13954000000.0,0.0,1091000000.0,128000000.0,19.185,2993000000.0
9,EMR,MRY,2011-12-31,2011-09-30,2011-09-30,2021-09-07,-562000000.0,23861000000.0,23550750000.0,9345000000.0,14516000000.0,1.029,13.964,-647000000.0,2052000000.0,2052000000.0,14665000000.0,2530000000.0,1.445,1.28,5201000000.0,877000000.0,4324000000.0,5201000000.0,0.0,867000000.0,0.0,0.033,1.38,3830000000.0,4697000000.0,0.194,4697000000.0,3830000000.0,3607000000.0,3.29,3.27,3.29,10399000000.0,10514500000.0,10399000000.0,34197754173.0,9.0,7.281,2586000000.0,3.473,1.0,9557000000.0,0.395,10740000000.0,223000000.0,9805000000.0,10017000000.0,2100000000.0,0.0,0.0,0.0,13310000000.0,6465000000.0,6845000000.0,30763754173.0,460000000.0,-129000000.0,-935000000.0,129000000.0,-1039000000.0,-1887000000.0,-848000000.0,0.0,3233000000.0,-38000000.0,2480000000.0,2480000000.0,2480000000.0,-26000000.0,50000000.0,0.102,5703000000.0,3854000000.0,2677000000.0,0.419,2.958,12.405,12.556,3437000000.0,0.0,41.31,1.27,1.27,4502000000.0,17310000000.0,24222000000.0,24222000000.0,0.0,0.105,0.236,0.382,0.158,0.0,5328000000.0,1.0,744704773.0,744704773.0,,32.526,13121000000.0,0.0,1127000000.0,139000000.0,17.619,2880000000.0
10,EMR,MRY,2010-12-31,2010-09-30,2010-09-30,2021-09-07,-426000000.0,22843000000.0,22252500000.0,8363000000.0,14480000000.0,0.945,13.014,-524000000.0,1592000000.0,1592000000.0,12713000000.0,2217000000.0,1.43,1.316,5066000000.0,480000000.0,4586000000.0,5066000000.0,0.0,816000000.0,0.0,0.025,1.34,3273000000.0,4089000000.0,0.194,4089000000.0,3273000000.0,3012000000.0,2.87,2.84,2.87,9792000000.0,9090750000.0,9792000000.0,43073846355.0,13.0,10.534,2768000000.0,3.679,1.0,8326000000.0,0.396,10806000000.0,261000000.0,9662000000.0,11249000000.0,2105000000.0,0.0,0.0,0.0,12891000000.0,5849000000.0,7042000000.0,39621846355.0,32000000.0,-1997000000.0,-100000000.0,316000000.0,-1009000000.0,-726000000.0,-2517000000.0,0.0,3292000000.0,-17000000.0,2164000000.0,2164000000.0,2164000000.0,0.0,53000000.0,0.103,5186000000.0,3140000000.0,2409000000.0,0.467,4.046,18.31,18.348,3287000000.0,0.0,52.66,1.883,1.883,3989000000.0,15869000000.0,21039000000.0,21039000000.0,0.0,0.097,0.238,0.291,0.156,0.0,4817000000.0,1.0,752408780.0,752408780.0,,27.962,12037000000.0,0.0,848000000.0,96000000.0,15.998,2514000000.0
11,EMR,MRY,2009-12-31,2009-09-30,2009-09-30,2021-09-07,-496000000.0,19763000000.0,20150000000.0,7653000000.0,12110000000.0,0.998,11.383,-531000000.0,1560000000.0,1560000000.0,12542000000.0,1771000000.0,1.544,1.292,4575000000.0,577000000.0,3998000000.0,4575000000.0,0.0,727000000.0,0.0,0.033,1.32,2632000000.0,3359000000.0,0.167,3359000000.0,2632000000.0,2412000000.0,2.29,2.27,2.29,8555000000.0,8457250000.0,8555000000.0,34042716178.0,13.0,10.135,2555000000.0,3.399,1.0,7560000000.0,0.376,8222000000.0,220000000.0,9600000000.0,10989750000.0,1855000000.0,0.0,0.0,0.0,11057000000.0,4956000000.0,6101000000.0,30123716178.0,-217000000.0,-772000000.0,-718000000.0,-116000000.0,-998000000.0,-1948000000.0,-1309000000.0,0.0,3086000000.0,-46000000.0,1724000000.0,1724000000.0,1724000000.0,0.0,47000000.0,0.086,4890000000.0,2670000000.0,1949000000.0,0.576,3.521,17.473,17.502,3500000000.0,0.0,40.08,1.499,1.499,3623000000.0,14714000000.0,20102000000.0,20102000000.0,0.0,0.086,0.204,0.239,0.131,0.0,4416000000.0,1.0,751589725.0,751589725.0,,26.746,11541000000.0,0.0,688000000.0,52000000.0,15.355,2697000000.0
12,EMR,MRY,2008-12-31,2008-09-30,2008-09-30,2021-09-07,141000000.0,21040000000.0,21385000000.0,9331000000.0,11709000000.0,1.111,11.744,-714000000.0,1777000000.0,1777000000.0,14813000000.0,2486000000.0,1.42,1.309,4518000000.0,1221000000.0,3297000000.0,4518000000.0,0.0,707000000.0,0.0,0.037,1.5,3725000000.0,4432000000.0,0.187,4432000000.0,3725000000.0,3537000000.0,3.09,3.06,3.09,9113000000.0,9380250000.0,9113000000.0,34623714562.0,9.0,7.812,2579000000.0,3.324,1.0,8938000000.0,0.376,6562000000.0,188000000.0,10646000000.0,11120250000.0,2348000000.0,0.0,0.0,0.0,11927000000.0,6573000000.0,5354000000.0,31650714562.0,769000000.0,-360000000.0,-1120000000.0,660000000.0,-940000000.0,-1454000000.0,-1072000000.0,0.0,3293000000.0,2000000.0,2412000000.0,2412000000.0,2412000000.0,0.0,74000000.0,0.102,5105000000.0,3833000000.0,2699000000.0,0.485,3.473,13.122,13.201,3507000000.0,0.0,40.79,1.333,1.333,4618000000.0,14002000000.0,23751000000.0,23751000000.0,0.0,0.113,0.257,0.335,0.157,0.0,4915000000.0,1.0,775942990.0,775942990.0,,30.609,14478000000.0,0.0,1125000000.0,173000000.0,18.659,2758000000.0
13,EMR,MRY,2007-12-31,2007-09-30,2007-09-30,2021-09-07,382000000.0,19680000000.0,19597500000.0,8065000000.0,11615000000.0,1.129,11.075,-681000000.0,1008000000.0,1008000000.0,14066000000.0,2136000000.0,1.454,1.244,3776000000.0,404000000.0,3372000000.0,3776000000.0,0.0,656000000.0,0.0,0.02,1.05,3328000000.0,3984000000.0,0.18,3984000000.0,3328000000.0,3100000000.0,2.69,2.66,2.69,8772000000.0,8506750000.0,8772000000.0,45397499132.0,14.0,11.395,2335000000.0,2.948,1.0,8065000000.0,0.364,6412000000.0,228000000.0,10490000000.0,10982000000.0,2227000000.0,0.0,0.0,0.0,10908000000.0,5546000000.0,5362000000.0,42151499132.0,198000000.0,-295000000.0,-853000000.0,-309000000.0,-837000000.0,-1994000000.0,-870000000.0,0.0,3016000000.0,46000000.0,2136000000.0,2136000000.0,2136000000.0,-7000000.0,0.0,0.097,4744000000.0,3321000000.0,2501000000.0,0.39,4.805,19.734,19.784,3431000000.0,0.0,53.22,1.905,1.905,4260000000.0,12536000000.0,22131000000.0,22131000000.0,0.0,0.109,0.251,0.303,0.15,0.0,4569000000.0,1.0,792023659.0,792023659.0,,27.942,13268000000.0,0.0,964000000.0,304000000.0,16.752,2519000000.0
14,EMR,MRY,2006-12-31,2006-09-30,2006-09-30,2021-09-07,306000000.0,18672000000.0,17722750000.0,7330000000.0,11342000000.0,1.113,10.0,-601000000.0,810000000.0,810000000.0,12605000000.0,1845000000.0,1.364,1.29,4026000000.0,898000000.0,3128000000.0,4026000000.0,0.0,607000000.0,0.0,0.021,0.89,2886000000.0,3493000000.0,0.177,3493000000.0,2886000000.0,2679000000.0,2.26,2.24,2.26,8154000000.0,7953500000.0,8154000000.0,37610432348.0,13.0,10.767,1911000000.0,2.344,1.0,7129000000.0,0.361,6013000000.0,207000000.0,10501000000.0,10337000000.0,2222000000.0,0.0,0.0,0.0,10518000000.0,5374000000.0,5144000000.0,34189432348.0,-423000000.0,-752000000.0,-862000000.0,-171000000.0,-730000000.0,-1731000000.0,-1216000000.0,0.0,2512000000.0,12000000.0,1845000000.0,1845000000.0,1845000000.0,-6000000.0,0.0,0.093,4249000000.0,2880000000.0,2305000000.0,0.394,4.193,18.531,18.553,3220000000.0,0.0,41.93,1.733,1.733,3716000000.0,11314000000.0,19734000000.0,19734000000.0,0.0,0.104,0.232,0.279,0.146,0.0,4076000000.0,1.0,815393092.0,815393092.0,,24.202,12659000000.0,0.0,834000000.0,238000000.0,15.525,1956000000.0
15,EMR,MRY,2005-12-31,2005-09-30,2005-09-30,2021-09-07,-65000000.0,17227000000.0,17147500000.0,6837000000.0,10390000000.0,1.009,8.957,-518000000.0,1233000000.0,1233000000.0,11122000000.0,1422000000.0,1.387,1.328,4098000000.0,970000000.0,3128000000.0,4098000000.0,0.0,562000000.0,0.0,0.023,0.83,2358000000.0,2920000000.0,0.169,2920000000.0,2358000000.0,2149000000.0,1.71,1.7,1.71,7400000000.0,7496000000.0,7400000000.0,32597045305.0,14.0,11.163,1669000000.0,2.02,1.0,6183000000.0,0.357,5479000000.0,209000000.0,9682000000.0,9576250000.0,1813000000.0,0.0,0.0,0.0,9827000000.0,4931000000.0,4896000000.0,29660045305.0,-113000000.0,-366000000.0,-668000000.0,-54000000.0,-694000000.0,-1401000000.0,-896000000.0,0.0,2187000000.0,-3000000.0,1422000000.0,1422000000.0,1422000000.0,0.0,0.0,0.082,3825000000.0,2358000000.0,1841000000.0,0.485,4.008,20.858,20.994,3003000000.0,0.0,35.9,1.714,1.714,3256000000.0,10199000000.0,17305000000.0,17305000000.0,0.0,0.083,0.19,0.246,0.136,0.0,3595000000.0,1.0,826185106.0,826185106.0,,20.946,11748000000.0,0.0,727000000.0,281000000.0,14.22,1906000000.0
16,EMR,MRY,2004-12-31,2004-09-30,2004-09-30,2021-09-07,-88000000.0,16361000000.0,15777500000.0,6416000000.0,9945000000.0,0.99,8.614,-400000000.0,1346000000.0,1346000000.0,10049000000.0,1257000000.0,1.479,1.26,4038000000.0,902000000.0,3136000000.0,4038000000.0,0.0,557000000.0,0.0,0.026,0.8,2062000000.0,2619000000.0,0.168,2619000000.0,2062000000.0,1852000000.0,1.5,1.49,1.5,7238000000.0,6849000000.0,7238000000.0,28643595869.0,14.0,10.937,1816000000.0,2.161,1.0,5566000000.0,0.356,5259000000.0,210000000.0,9455000000.0,9859000000.0,1705000000.0,0.0,0.0,0.0,9123000000.0,4339000000.0,4784000000.0,26002595869.0,650000000.0,-414000000.0,-149000000.0,-93000000.0,-675000000.0,-918000000.0,-688000000.0,0.0,2216000000.0,40000000.0,1257000000.0,1257000000.0,1257000000.0,0.0,0.0,0.08,3504000000.0,2062000000.0,1629000000.0,0.533,3.593,20.686,20.63,2937000000.0,0.0,30.945,1.665,1.665,2932000000.0,9471000000.0,15615000000.0,15615000000.0,0.0,0.08,0.184,0.209,0.132,0.0,3281000000.0,1.0,840284242.0,840284242.0,,18.583,11102000000.0,0.0,595000000.0,113000000.0,13.212,2077000000.0
17,EMR,MRY,2003-12-31,2003-09-30,2003-09-30,2021-09-07,-386000000.0,15194000000.0,14869500000.0,5500000000.0,9694000000.0,0.939,7.675,-337000000.0,696000000.0,696000000.0,9060000000.0,1089000000.0,1.61,1.352,4124000000.0,391000000.0,3733000000.0,4124000000.0,0.0,534000000.0,0.0,0.03,0.785,1721000000.0,2255000000.0,0.162,2255000000.0,1721000000.0,1490000000.0,1.3,1.295,1.3,6460000000.0,6100500000.0,6460000000.0,26326673525.0,15.0,11.675,1394000000.0,1.656,1.0,4898000000.0,0.351,4942000000.0,231000000.0,10263000000.0,9833500000.0,1558000000.0,0.0,0.0,0.0,8734000000.0,3417000000.0,5317000000.0,22157673525.0,315000000.0,-6000000.0,11000000.0,-503000000.0,-661000000.0,-1153000000.0,-304000000.0,0.0,1731000000.0,41000000.0,1089000000.0,1089000000.0,1089000000.0,-76000000.0,0.0,0.078,3253000000.0,1645000000.0,1397000000.0,0.604,3.43,20.347,20.25,2962000000.0,0.0,26.325,1.587,1.587,2650000000.0,8889000000.0,13958000000.0,13958000000.0,0.0,0.073,0.179,0.175,0.123,0.0,2935000000.0,1.0,841697000.0,841697000.0,,16.583,10252000000.0,0.0,401000000.0,116000000.0,12.18,2083000000.0
18,EMR,MRY,2002-12-31,2002-09-30,2002-09-30,2021-09-07,-647000000.0,14545000000.0,14795500000.0,4961000000.0,9584000000.0,0.929,6.824,-384000000.0,381000000.0,381000000.0,8939000000.0,122000000.0,1.127,1.534,4550000000.0,1560000000.0,2990000000.0,4550000000.0,0.0,541000000.0,0.0,0.035,0.775,869000000.0,1410000000.0,0.103,1410000000.0,869000000.0,636000000.0,0.145,0.145,0.145,5741000000.0,5927500000.0,5741000000.0,22830186704.0,26.0,16.192,1434000000.0,1.705,1.0,4809000000.0,0.35,4910000000.0,233000000.0,9404000000.0,9118000000.0,1624000000.0,0.0,0.0,0.0,8804000000.0,4400000000.0,4404000000.0,18482786704.0,25000000.0,-497000000.0,-20000000.0,-262000000.0,-652000000.0,-934000000.0,-881000000.0,0.0,1818000000.0,22000000.0,122000000.0,122000000.0,122000000.0,16000000.0,0.0,0.009,2986000000.0,1823000000.0,1268000000.0,5.345,3.219,151.498,151.517,3116000000.0,0.0,21.97,1.344,1.344,2513000000.0,8461000000.0,13748000000.0,13748000000.0,0.0,0.008,0.021,0.095,0.063,0.0,2904000000.0,1.0,841273860.0,841273860.0,,16.342,9635000000.0,0.0,514000000.0,124000000.0,11.453,561000000.0
19,EMR,MRY,2001-12-31,2001-09-30,2001-09-30,2021-09-07,-741000000.0,15046000000.0,15105150000.0,5320000000.0,9726000000.0,1.014,7.135,-554000000.0,356000000.0,356000000.0,9987000000.0,1032000000.0,0.989,1.461,4703000000.0,2447000000.0,2256000000.0,4703000000.0,0.0,708000000.0,0.0,0.033,0.765,1883000000.0,2591000000.0,0.169,2591000000.0,1883000000.0,1597000000.0,1.215,1.2,1.215,6114000000.0,6258400000.0,6114000000.0,24559957850.0,13.0,9.479,1154000000.0,1.347,1.0,5324000000.0,0.348,5182000000.0,286000000.0,8832000000.0,8888550000.0,1897000000.0,0.0,0.0,0.0,8932000000.0,5379000000.0,3553000000.0,20162957850.0,75000000.0,6000000.0,-534000000.0,108000000.0,-654000000.0,-1080000000.0,-548000000.0,0.0,1708000000.0,-5000000.0,1032000000.0,1032000000.0,1032000000.0,17000000.0,0.0,0.067,3424000000.0,1900000000.0,1127000000.0,0.63,3.298,19.538,19.366,3288000000.0,0.0,23.53,1.317,1.317,2551000000.0,8991000000.0,15311000000.0,15311000000.0,0.0,0.068,0.165,0.212,0.123,0.0,3051000000.0,1.0,856904286.0,856904286.0,,17.868,9864000000.0,0.0,565000000.0,185000000.0,11.511,-59000000.0
20,EMR,MRY,2000-12-31,2000-09-30,2000-09-30,2021-09-07,-578600000.0,15164300000.0,14762575000.0,5482700000.0,9681600000.0,1.053,7.495,-692000000.0,280800000.0,280800000.0,10016000000.0,1422000000.0,1.051,1.368,4600400000.0,2352700000.0,2247700000.0,4600400000.0,0.0,678000000.0,0.0,0.021,0.716,2449000000.0,3127000000.0,0.201,3127000000.0,2449000000.0,2178000000.0,1.665,1.65,1.665,6402800000.0,6250450000.0,6402800000.0,33323749279.0,14.0,10.657,1148000000.0,1.344,1.0,5529000000.0,0.356,5320000000.0,271000000.0,8945100000.0,8504600000.0,2052700000.0,0.0,0.0,0.0,8761500000.0,5218800000.0,3542700000.0,28619749279.0,15000000.0,-1803000000.0,-376000000.0,1694000000.0,-613000000.0,705000000.0,-2495000000.0,0.0,1840000000.0,-35000000.0,1422000000.0,1422000000.0,1422000000.0,0.0,0.0,0.091,3080000000.0,2449000000.0,1210600000.0,0.43,4.47,20.126,20.12,3243400000.0,0.0,33.5,1.841,1.841,2705600000.0,8612900000.0,15545000000.0,15545000000.0,0.0,0.096,0.228,0.288,0.158,0.0,2988000000.0,1.0,854320874.0,854320874.0,,18.196,9844300000.0,0.0,756000000.0,264900000.0,11.523,263900000.0
21,EMR,MRY,1999-12-31,1999-09-30,1999-09-30,2021-09-07,-271600000.0,13623500000.0,13393725000.0,5124400000.0,8499100000.0,1.065,7.112,-591600000.0,266100000.0,266100000.0,9193800000.0,1313600000.0,1.116,1.204,3270800000.0,1953700000.0,1317100000.0,3270800000.0,0.0,637500000.0,0.0,0.021,0.65,2210600000.0,2848100000.0,0.2,2848100000.0,2210600000.0,2020900000.0,1.515,1.5,1.515,6180500000.0,6037100000.0,6180500000.0,30758807972.0,14.0,10.8,1218900000.0,1.403,1.0,5075700000.0,0.356,4263000000.0,189700000.0,7774800000.0,7868300000.0,1921100000.0,0.0,0.0,0.0,7443000000.0,4590400000.0,2852600000.0,27456807972.0,56400000.0,-986500000.0,-323700000.0,717400000.0,-566400000.0,-172700000.0,-1578100000.0,0.0,1810500000.0,-3300000.0,1313600000.0,1313600000.0,1313600000.0,0.0,0.0,0.092,2865100000.0,2210600000.0,1068800000.0,0.429,4.442,20.902,20.855,3154400000.0,0.0,31.595,1.924,1.924,2516300000.0,7803700000.0,14269500000.0,14269500000.0,0.0,0.098,0.218,0.281,0.155,0.0,2770200000.0,1.0,869023832.0,869023832.0,,16.42,9360500000.0,0.0,707300000.0,263100000.0,10.771,534000000.0
22,EMR,MRY,1998-12-31,1998-09-30,1998-09-30,2021-09-07,-236200000.0,12659800000.0,12254150000.0,5001300000.0,7658500000.0,1.097,6.588,-602600000.0,209700000.0,209700000.0,8595600000.0,1228600000.0,1.244,1.181,2581000000.0,1524400000.0,1056600000.0,2581000000.0,0.0,562500000.0,0.0,0.019,0.59,2075200000.0,2637700000.0,0.196,2637700000.0,2075200000.0,1923500000.0,1.4,1.385,1.4,5803300000.0,5738950000.0,5803300000.0,29609632288.0,14.0,11.226,1049000000.0,1.191,1.0,4851600000.0,0.361,3702700000.0,151700000.0,7306700000.0,6915175000.0,1996500000.0,0.0,0.0,0.0,6856500000.0,4021700000.0,2834800000.0,27418532288.0,-11400000.0,-496700000.0,-499400000.0,464900000.0,-521000000.0,-555500000.0,-1099300000.0,0.0,1651600000.0,-8200000.0,1228600000.0,1228600000.0,1228600000.0,0.0,0.0,0.091,2776400000.0,2075200000.0,1036700000.0,0.421,4.725,22.317,22.232,3011600000.0,0.0,31.125,2.039,2.039,2416100000.0,7056500000.0,13447200000.0,13447200000.0,0.0,0.1,0.214,0.3,0.154,0.0,2676700000.0,1.0,880916700.0,880916700.0,,15.265,8957100000.0,0.0,694900000.0,207900000.0,10.168,979600000.0
23,EMR,MRY,1997-12-31,1997-09-30,1997-09-30,2021-09-07,-205900000.0,11463300000.0,11043925000.0,4716800000.0,6746500000.0,1.114,6.112,-575400000.0,221100000.0,221100000.0,7865600000.0,1121900000.0,1.228,1.115,2015800000.0,1445100000.0,570700000.0,2015800000.0,0.0,511600000.0,0.0,0.019,0.54,1904500000.0,2416100000.0,0.196,2416100000.0,1904500000.0,1783600000.0,1.26,1.25,1.26,5420700000.0,5463350000.0,5420700000.0,27310958561.0,14.0,11.304,923200000.0,1.041,1.0,4433000000.0,0.36,3116000000.0,120900000.0,6299600000.0,6483950000.0,1881600000.0,0.0,0.0,0.0,6042600000.0,3842400000.0,2200200000.0,25556358561.0,72100000.0,-285200000.0,-376600000.0,314500000.0,-480700000.0,-542800000.0,-860600000.0,0.0,1498600000.0,-23100000.0,1121900000.0,1121900000.0,1121900000.0,0.0,0.0,0.091,2528500000.0,1904500000.0,942100000.0,0.429,4.715,22.78,22.869,2735400000.0,0.0,28.815,2.078,2.078,2200200000.0,6348900000.0,12298600000.0,12298600000.0,0.0,0.102,0.205,0.294,0.155,0.0,2450900000.0,1.0,886911628.0,886911628.0,,13.867,8347300000.0,0.0,661700000.0,213300000.0,9.412,874400000.0
24,EMR,MRY,1996-12-31,1996-09-30,1996-09-30,2021-09-07,-29200000.0,10481000000.0,,4187200000.0,6293800000.0,,,-513500000.0,149000000.0,149000000.0,7165000000.0,1018500000.0,1.386,0.958,1739600000.0,967000000.0,772600000.0,1739600000.0,0.0,464600000.0,0.0,0.022,0.49,1735900000.0,2200500000.0,0.197,2200500000.0,1735900000.0,1609000000.0,1.135,1.125,1.135,5353400000.0,,5353400000.0,,,,803800000.0,,1.0,3984900000.0,0.357,2779200000.0,126900000.0,6271300000.0,,1743900000.0,0.0,0.0,0.0,5127600000.0,3021100000.0,2106500000.0,,31700000.0,-27500000.0,-120300000.0,-190900000.0,-439100000.0,-750300000.0,-541000000.0,0.0,1317300000.0,5700000.0,1018500000.0,1018500000.0,1018500000.0,0.0,0.0,0.091,2249000000.0,1735900000.0,791300000.0,0.432,,,19.85,2450800000.0,0.0,22.53,,,1979800000.0,5707700000.0,11149900000.0,11149900000.0,0.0,,,,0.156,0.0,2192000000.0,1.0,,,,,7701800000.0,0.0,590500000.0,199500000.0,,1166100000.0
25,EMR,MRY,1995-12-31,1995-09-30,1995-09-30,2021-09-07,,,,,,,,-420700000.0,,,6480400000.0,907700000.0,,,,,,,,408900000.0,,0.025,0.445,1549200000.0,1958100000.0,0.196,1958100000.0,1549200000.0,1438600000.0,1.015,,1.015,,,,,,,721700000.0,,1.0,3532500000.0,0.353,,110600000.0,,,,,,,,,,,4000000.0,-206600000.0,-51300000.0,-65800000.0,-398500000.0,-515600000.0,-627300000.0,0.0,1142400000.0,4500000.0,907700000.0,907700000.0,907700000.0,0.0,0.0,0.091,1962000000.0,1570500000.0,,0.438,,,17.611,,0.0,17.875,,,,,10012900000.0,10012900000.0,0.0,,,,0.155,0.0,1933200000.0,1.0,,,,,,,530900000.0,,,
0,EMR,MRQ,2021-06-30,2021-06-30,2021-06-30,2021-09-07,-1307000000.0,24484000000.0,,8766000000.0,15718000000.0,,15.493,-128000000.0,2860000000.0,2860000000.0,2715000000.0,633000000.0,1.314,1.63,7313000000.0,1478000000.0,5835000000.0,7313000000.0,0.0,237000000.0,0.0,0.021,0.505,815000000.0,1052000000.0,0.224,1052000000.0,815000000.0,778000000.0,1.05,1.04,1.05,9291000000.0,,9291000000.0,62652128000.0,21.0,15.983,977000000.0,1.629,1.0,1982000000.0,0.422,10770000000.0,37000000.0,11497000000.0,,2114000000.0,0.0,0.0,0.0,15145000000.0,6670000000.0,8475000000.0,57715128000.0,518000000.0,0.0,-190000000.0,38000000.0,-303000000.0,-449000000.0,-136000000.0,0.0,1105000000.0,-2000000.0,627000000.0,627000000.0,627000000.0,0.0,6000000.0,0.133,1161000000.0,821000000.0,1966000000.0,0.481,6.212,24.497,24.426,3664000000.0,0.0,96.24,3.234,3.234,2754000000.0,25678000000.0,4697000000.0,4697000000.0,0.0,,,,,66000000.0,1073000000.0,1.0,599700000.0,599700000.0,,7.832,13714000000.0,0.0,151000000.0,0.0,22.868,2096000000.0
1,EMR,MRQ,2021-03-31,2021-03-31,2021-03-31,2021-09-07,-1322000000.0,23800000000.0,,7961000000.0,15839000000.0,,15.216,-100000000.0,2342000000.0,2342000000.0,2569000000.0,568000000.0,1.265,1.601,7279000000.0,1456000000.0,5823000000.0,7279000000.0,0.0,239000000.0,0.0,0.022,0.505,768000000.0,1007000000.0,0.227,1007000000.0,768000000.0,730000000.0,0.94,0.93,0.94,9130000000.0,,9130000000.0,59546677008.0,22.0,16.67,707000000.0,1.178,1.0,1862000000.0,0.42,10882000000.0,38000000.0,11561000000.0,,2016000000.0,0.0,0.0,0.0,14620000000.0,6294000000.0,8326000000.0,54134677008.0,145000000.0,0.0,-65000000.0,-280000000.0,-303000000.0,-607000000.0,-52000000.0,0.0,807000000.0,-3000000.0,561000000.0,561000000.0,561000000.0,0.0,7000000.0,0.127,1087000000.0,775000000.0,1797000000.0,0.537,5.929,25.439,25.343,3663000000.0,0.0,90.22,3.172,3.172,2754000000.0,25354000000.0,4431000000.0,4431000000.0,0.0,,,,,61000000.0,1054000000.0,1.0,600029672.0,600029672.0,,7.385,12918000000.0,0.0,169000000.0,0.0,21.529,1667000000.0
2,EMR,MRQ,2020-12-31,2020-12-31,2020-12-31,2021-09-07,-1330000000.0,23678000000.0,,7681000000.0,15997000000.0,,14.874,-122000000.0,2197000000.0,2197000000.0,2438000000.0,452000000.0,1.205,1.657,7609000000.0,1717000000.0,5892000000.0,7609000000.0,0.0,244000000.0,0.0,0.025,0.505,596000000.0,840000000.0,0.202,840000000.0,596000000.0,556000000.0,0.74,0.74,0.74,8895000000.0,,8895000000.0,52235431963.0,20.0,14.95,686000000.0,1.147,1.0,1723000000.0,0.414,11028000000.0,40000000.0,11686000000.0,,2013000000.0,0.0,0.0,0.0,14739000000.0,6376000000.0,8363000000.0,48064431963.0,-1118000000.0,-1611000000.0,-13000000.0,39000000.0,-303000000.0,-235000000.0,-1720000000.0,0.0,808000000.0,29000000.0,445000000.0,445000000.0,445000000.0,0.0,7000000.0,0.107,1120000000.0,603000000.0,1694000000.0,0.682,5.404,23.064,23.161,3693000000.0,0.0,80.37,2.862,2.862,2652000000.0,25096000000.0,4161000000.0,4161000000.0,0.0,,,,,64000000.0,998000000.0,1.0,598039467.0,598039467.0,,6.958,12650000000.0,0.0,111000000.0,0.0,21.152,1305000000.0
3,EMR,MRQ,2020-09-30,2020-09-30,2020-09-30,2021-09-07,-1577000000.0,22882000000.0,,8806000000.0,14076000000.0,,14.065,-209000000.0,3315000000.0,3315000000.0,2676000000.0,730000000.0,1.522,1.717,7486000000.0,1160000000.0,6326000000.0,7486000000.0,0.0,223000000.0,0.0,0.031,0.5,798000000.0,1021000000.0,0.224,1021000000.0,798000000.0,758000000.0,1.21,1.2,1.21,8405000000.0,,8405000000.0,43959102260.0,18.0,13.241,1020000000.0,1.707,1.0,1882000000.0,0.413,9202000000.0,40000000.0,12066000000.0,,1928000000.0,0.0,0.0,0.0,14435000000.0,5785000000.0,8650000000.0,39184102260.0,865000000.0,-12000000.0,0.0,179000000.0,-299000000.0,-146000000.0,-232000000.0,0.0,1229000000.0,14000000.0,723000000.0,723000000.0,723000000.0,0.0,7000000.0,0.159,1077000000.0,805000000.0,1715000000.0,0.413,4.662,19.941,20.113,3688000000.0,0.0,65.57,2.334,2.334,2802000000.0,24955000000.0,4558000000.0,4558000000.0,0.0,,,,,41000000.0,946000000.0,1.0,597591921.0,597591921.0,,7.627,13680000000.0,0.0,35000000.0,0.0,22.892,3021000000.0
4,EMR,MRQ,2020-06-30,2020-06-30,2020-06-30,2021-09-07,-1699000000.0,21730000000.0,,7879000000.0,13851000000.0,,13.107,-104000000.0,2450000000.0,2450000000.0,2296000000.0,407000000.0,1.316,1.769,7225000000.0,1725000000.0,5500000000.0,7225000000.0,0.0,209000000.0,0.0,0.032,0.5,495000000.0,704000000.0,0.18,704000000.0,495000000.0,450000000.0,0.67,0.67,0.67,7831000000.0,,7831000000.0,42179392859.0,17.0,12.512,738000000.0,1.235,1.0,1618000000.0,0.413,9112000000.0,45000000.0,11408000000.0,,2102000000.0,0.0,0.0,0.0,13852000000.0,5985000000.0,7867000000.0,37061392859.0,-133000000.0,-18000000.0,0.0,-546000000.0,-299000000.0,-856000000.0,-145000000.0,0.0,842000000.0,26000000.0,399000000.0,399000000.0,399000000.0,0.0,8000000.0,0.102,1115000000.0,503000000.0,1426000000.0,0.746,4.733,18.919,19.264,3565000000.0,0.0,62.03,2.155,2.155,2512000000.0,24531000000.0,3914000000.0,3914000000.0,0.0,,,,,51000000.0,934000000.0,1.0,597475300.0,597475300.0,,6.551,12618000000.0,0.0,51000000.0,0.0,21.119,1894000000.0
5,EMR,MRQ,2020-03-31,2020-03-31,2020-03-31,2021-09-07,-1903000000.0,21711000000.0,,8032000000.0,13679000000.0,,12.286,-111000000.0,2583000000.0,2583000000.0,2412000000.0,524000000.0,1.012,1.882,7701000000.0,3741000000.0,3960000000.0,7701000000.0,0.0,211000000.0,0.0,0.042,0.5,718000000.0,929000000.0,0.223,929000000.0,718000000.0,682000000.0,0.85,0.84,0.85,7517000000.0,,7517000000.0,33521226223.0,12.0,9.129,477000000.0,0.78,1.0,1750000000.0,0.42,9018000000.0,36000000.0,9871000000.0,,2058000000.0,0.0,0.0,0.0,14148000000.0,7940000000.0,6208000000.0,29154226223.0,948000000.0,-96000000.0,-813000000.0,1755000000.0,-306000000.0,655000000.0,-232000000.0,0.0,588000000.0,-63000000.0,517000000.0,517000000.0,517000000.0,0.0,7000000.0,0.124,1025000000.0,725000000.0,1521000000.0,0.588,3.878,13.472,13.499,3553000000.0,0.0,47.65,1.623,1.623,2641000000.0,24431000000.0,4162000000.0,4162000000.0,0.0,,,,,-38000000.0,983000000.0,1.0,611841054.0,611841054.0,,6.802,12693000000.0,0.0,165000000.0,0.0,20.746,92000000.0
6,EMR,MRQ,2019-12-31,2019-12-31,2019-12-31,2021-09-07,-1576000000.0,21101000000.0,,7196000000.0,13905000000.0,,13.824,-114000000.0,1635000000.0,1635000000.0,2392000000.0,329000000.0,1.135,1.501,6002000000.0,1984000000.0,4018000000.0,6002000000.0,0.0,211000000.0,0.0,0.026,0.5,455000000.0,666000000.0,0.16,666000000.0,455000000.0,420000000.0,0.53,0.53,0.53,8421000000.0,,8421000000.0,50681071457.0,18.0,13.828,310000000.0,0.509,1.0,1759000000.0,0.424,9145000000.0,35000000.0,9983000000.0,,2064000000.0,0.0,0.0,0.0,12642000000.0,6340000000.0,6302000000.0,46454071457.0,141000000.0,0.0,-129000000.0,252000000.0,-305000000.0,-162000000.0,-131000000.0,0.0,424000000.0,10000000.0,326000000.0,326000000.0,326000000.0,0.0,3000000.0,0.079,1301000000.0,458000000.0,1649000000.0,0.943,5.516,21.437,21.603,3633000000.0,0.0,76.26,2.528,2.528,2726000000.0,24220000000.0,4151000000.0,4151000000.0,0.0,,,,,56000000.0,1123000000.0,1.0,609153835.0,609153835.0,,6.814,11956000000.0,0.0,94000000.0,0.0,19.627,856000000.0
7,EMR,MRQ,2019-09-30,2019-09-30,2019-09-30,2021-09-07,-1722000000.0,20497000000.0,,7139000000.0,13358000000.0,,13.385,-199000000.0,1494000000.0,1494000000.0,2843000000.0,724000000.0,1.195,1.485,5721000000.0,1444000000.0,4277000000.0,5721000000.0,0.0,213000000.0,0.0,0.029,0.49,859000000.0,1072000000.0,0.216,1072000000.0,859000000.0,819000000.0,1.17,1.16,1.17,8233000000.0,,8233000000.0,45735683749.0,15.0,11.932,1005000000.0,1.634,1.0,2128000000.0,0.428,9151000000.0,40000000.0,9597000000.0,,1880000000.0,0.0,0.0,0.0,12224000000.0,5976000000.0,6248000000.0,41125683749.0,-109000000.0,-80000000.0,-250000000.0,-434000000.0,-300000000.0,-966000000.0,-313000000.0,0.0,1204000000.0,-34000000.0,717000000.0,717000000.0,717000000.0,0.0,7000000.0,0.144,1262000000.0,866000000.0,1874000000.0,0.419,4.995,17.834,17.877,3642000000.0,0.0,66.86,2.238,2.238,2985000000.0,24199000000.0,4971000000.0,4971000000.0,0.0,,,,,37000000.0,1109000000.0,1.0,615101462.0,615101462.0,,8.082,11346000000.0,0.0,102000000.0,0.0,18.446,1163000000.0
8,EMR,MRQ,2019-06-30,2019-06-30,2019-06-30,2021-09-07,-1016000000.0,21317000000.0,,7350000000.0,13967000000.0,,14.235,-121000000.0,1603000000.0,1603000000.0,2683000000.0,612000000.0,1.182,1.429,6213000000.0,1877000000.0,4336000000.0,6213000000.0,0.0,203000000.0,0.0,0.029,0.49,802000000.0,1005000000.0,0.215,1005000000.0,802000000.0,759000000.0,0.98,0.97,0.98,8755000000.0,,8755000000.0,45987573618.0,16.0,12.293,825000000.0,1.341,1.0,2001000000.0,0.427,9235000000.0,43000000.0,10474000000.0,,2061000000.0,0.0,0.0,0.0,12513000000.0,6218000000.0,6295000000.0,41034573618.0,219000000.0,-137000000.0,0.0,-117000000.0,-302000000.0,-427000000.0,-284000000.0,0.0,946000000.0,-16000000.0,604000000.0,604000000.0,604000000.0,0.0,8000000.0,0.129,1191000000.0,810000000.0,1785000000.0,0.5,4.687,18.601,18.794,3614000000.0,0.0,66.72,2.244,2.244,2901000000.0,23777000000.0,4684000000.0,4684000000.0,0.0,,,,,31000000.0,1126000000.0,1.0,615026583.0,615026583.0,,7.616,12082000000.0,0.0,155000000.0,103000000.0,19.645,1132000000.0
9,EMR,MRQ,2019-03-31,2019-03-31,2019-03-31,2021-09-07,-928000000.0,21071000000.0,,7152000000.0,13919000000.0,,13.872,-119000000.0,1384000000.0,1384000000.0,2645000000.0,525000000.0,1.065,1.466,6337000000.0,2551000000.0,3786000000.0,6337000000.0,0.0,204000000.0,0.0,0.028,0.49,718000000.0,922000000.0,0.202,922000000.0,718000000.0,670000000.0,0.85,0.84,0.85,8526000000.0,,8526000000.0,46796021746.0,16.0,12.597,414000000.0,0.674,1.0,1925000000.0,0.421,9210000000.0,48000000.0,10100000000.0,,2073000000.0,0.0,0.0,0.0,12499000000.0,6714000000.0,5785000000.0,42083021746.0,136000000.0,-165000000.0,-214000000.0,382000000.0,-302000000.0,-96000000.0,-318000000.0,0.0,533000000.0,17000000.0,520000000.0,520000000.0,520000000.0,0.0,5000000.0,0.114,1202000000.0,723000000.0,1730000000.0,0.576,4.936,18.186,18.505,3615000000.0,0.0,68.47,2.33,2.33,2911000000.0,23475000000.0,4570000000.0,4570000000.0,0.0,,,,,59000000.0,1145000000.0,1.0,614619859.0,614619859.0,,7.435,11861000000.0,0.0,150000000.0,84000000.0,19.298,438000000.0
10,EMR,MRQ,2018-12-31,2018-12-31,2018-12-31,2021-09-07,-1052000000.0,20429000000.0,,6658000000.0,13771000000.0,,13.153,-155000000.0,1248000000.0,1248000000.0,2386000000.0,467000000.0,0.883,1.476,5961000000.0,3320000000.0,2641000000.0,5961000000.0,0.0,202000000.0,0.0,0.033,0.49,632000000.0,834000000.0,0.201,834000000.0,632000000.0,589000000.0,0.74,0.74,0.74,8236000000.0,,8236000000.0,41079976230.0,14.0,11.19,168000000.0,0.268,1.0,1761000000.0,0.425,9182000000.0,43000000.0,8420000000.0,,1980000000.0,0.0,0.0,0.0,12153000000.0,7540000000.0,4613000000.0,37412976230.0,155000000.0,-73000000.0,-786000000.0,1198000000.0,-305000000.0,98000000.0,-259000000.0,0.0,323000000.0,-7000000.0,465000000.0,465000000.0,465000000.0,0.0,2000000.0,0.112,1127000000.0,634000000.0,1794000000.0,0.662,4.543,16.438,16.551,3551000000.0,0.0,59.75,2.109,2.109,2733000000.0,23252000000.0,4147000000.0,4147000000.0,0.0,,,,,-7000000.0,1077000000.0,1.0,626158598.0,626158598.0,,6.623,11247000000.0,0.0,124000000.0,138000000.0,17.962,-882000000.0
11,EMR,MRQ,2018-09-30,2018-09-30,2018-09-30,2021-09-07,-1015000000.0,20390000000.0,,6619000000.0,13771000000.0,,14.236,-303000000.0,1093000000.0,1093000000.0,2829000000.0,622000000.0,1.074,1.274,4760000000.0,1623000000.0,3137000000.0,4760000000.0,0.0,201000000.0,0.0,0.025,0.485,779000000.0,980000000.0,0.2,980000000.0,779000000.0,733000000.0,0.98,0.97,0.98,8947000000.0,,8947000000.0,50704891896.0,18.0,14.231,721000000.0,1.147,1.0,2059000000.0,0.421,9206000000.0,46000000.0,8687000000.0,,1813000000.0,0.0,0.0,0.0,11400000000.0,6164000000.0,5236000000.0,48127891896.0,-2318000000.0,-1455000000.0,0.0,-1228000000.0,-305000000.0,-1532000000.0,-1788000000.0,0.0,1024000000.0,-22000000.0,617000000.0,617000000.0,617000000.0,0.0,5000000.0,0.126,1275000000.0,784000000.0,1943000000.0,0.495,5.379,21.847,22.006,3562000000.0,0.0,76.58,2.765,2.765,3023000000.0,23072000000.0,4888000000.0,4888000000.0,0.0,,,,,216000000.0,1181000000.0,1.0,628465551.0,628465551.0,,7.778,11184000000.0,0.0,116000000.0,0.0,17.796,455000000.0
12,EMR,MRQ,2018-06-30,2018-06-30,2018-06-30,2021-09-07,-1092000000.0,20487000000.0,,8576000000.0,11911000000.0,,13.352,-120000000.0,3411000000.0,3411000000.0,2514000000.0,719000000.0,1.233,1.43,5988000000.0,2862000000.0,3126000000.0,5988000000.0,0.0,179000000.0,0.0,0.028,0.485,800000000.0,979000000.0,0.22,979000000.0,800000000.0,761000000.0,1.13,1.12,1.13,8413000000.0,,8413000000.0,46310430344.0,17.0,13.266,804000000.0,1.276,1.0,1942000000.0,0.436,7902000000.0,39000000.0,8208000000.0,,1805000000.0,0.0,0.0,0.0,12027000000.0,6954000000.0,5073000000.0,43564430344.0,967000000.0,2000000.0,-250000000.0,799000000.0,-306000000.0,283000000.0,-147000000.0,0.0,924000000.0,-93000000.0,712000000.0,712000000.0,712000000.0,0.0,7000000.0,0.16,1135000000.0,807000000.0,1647000000.0,0.429,5.178,20.844,21.079,3260000000.0,0.0,69.14,2.569,2.569,3027000000.0,22660000000.0,4456000000.0,4456000000.0,0.0,,,,,0.0,1058000000.0,1.0,630090112.0,630090112.0,,7.072,12585000000.0,0.0,49000000.0,53000000.0,19.973,1622000000.0
13,EMR,MRQ,2018-03-31,2018-03-31,2018-03-31,2021-09-07,-827000000.0,19785000000.0,,7725000000.0,12060000000.0,,13.377,-98000000.0,2444000000.0,2444000000.0,2431000000.0,489000000.0,1.299,1.325,5190000000.0,1833000000.0,3357000000.0,5190000000.0,0.0,191000000.0,0.0,0.028,0.485,687000000.0,878000000.0,0.207,878000000.0,687000000.0,651000000.0,0.76,0.76,0.76,8492000000.0,,8492000000.0,45731406782.0,18.0,13.704,399000000.0,0.629,1.0,1817000000.0,0.428,8024000000.0,36000000.0,8562000000.0,,1897000000.0,0.0,0.0,0.0,11248000000.0,5945000000.0,5303000000.0,43359406782.0,-652000000.0,-271000000.0,-250000000.0,-279000000.0,-307000000.0,-812000000.0,-393000000.0,0.0,497000000.0,56000000.0,482000000.0,482000000.0,482000000.0,0.0,7000000.0,0.113,1123000000.0,694000000.0,1603000000.0,0.638,5.106,24.21,24.48,3299000000.0,0.0,68.3,2.622,2.622,3042000000.0,22254000000.0,4248000000.0,4248000000.0,0.0,,,,,0.0,1035000000.0,1.0,634837581.0,634837581.0,,6.691,11761000000.0,0.0,169000000.0,147000000.0,18.526,1780000000.0
14,EMR,MRQ,2017-12-31,2017-12-31,2017-12-31,2021-09-07,-992000000.0,19858000000.0,,8152000000.0,11706000000.0,,13.008,-96000000.0,3096000000.0,3096000000.0,2202000000.0,394000000.0,1.317,1.374,5468000000.0,2093000000.0,3375000000.0,5468000000.0,0.0,187000000.0,0.0,0.028,0.485,539000000.0,726000000.0,0.19,726000000.0,539000000.0,501000000.0,0.61,0.61,0.61,8349000000.0,,8349000000.0,46322424510.0,19.0,14.88,351000000.0,0.547,1.0,1614000000.0,0.423,7734000000.0,38000000.0,8304000000.0,,1845000000.0,0.0,0.0,0.0,11470000000.0,6192000000.0,5278000000.0,44728424510.0,34000000.0,-278000000.0,-500000000.0,810000000.0,-311000000.0,-31000000.0,-392000000.0,0.0,447000000.0,10000000.0,392000000.0,392000000.0,392000000.0,0.0,2000000.0,0.103,1073000000.0,541000000.0,1596000000.0,0.795,5.357,27.938,28.101,3279000000.0,0.0,69.69,2.819,2.819,2881000000.0,22079000000.0,3816000000.0,3816000000.0,0.0,,,,,0.0,995000000.0,1.0,641819838.0,641819838.0,,5.946,12124000000.0,0.0,109000000.0,217000000.0,18.89,1960000000.0
15,EMR,MRQ,2017-09-30,2017-09-30,2017-09-30,2021-09-07,-1019000000.0,19589000000.0,,8252000000.0,11337000000.0,,13.621,-176000000.0,3062000000.0,3062000000.0,2604000000.0,510000000.0,1.636,1.241,4656000000.0,862000000.0,3794000000.0,4656000000.0,0.0,182000000.0,0.0,0.031,0.48,726000000.0,908000000.0,0.205,908000000.0,726000000.0,687000000.0,0.78,0.78,0.78,8718000000.0,,8718000000.0,42238832669.0,18.0,14.179,678000000.0,1.059,1.0,1831000000.0,0.413,7206000000.0,39000000.0,8932000000.0,,1696000000.0,0.0,0.0,0.0,10819000000.0,5045000000.0,5774000000.0,40218832669.0,-78000000.0,25000000.0,0.0,-500000000.0,-309000000.0,-814000000.0,-177000000.0,0.0,854000000.0,59000000.0,504000000.0,504000000.0,504000000.0,-8000000.0,6000000.0,0.114,1107000000.0,724000000.0,1776000000.0,0.615,4.613,26.495,26.74,3321000000.0,0.0,62.84,2.635,2.635,3072000000.0,21995000000.0,4435000000.0,4435000000.0,0.0,,,,,110000000.0,986000000.0,1.0,640019616.0,640019616.0,,6.929,12383000000.0,0.0,183000000.0,65000000.0,19.348,3207000000.0
16,EMR,MRQ,2017-06-30,2017-06-30,2017-06-30,2021-09-07,-1575000000.0,19402000000.0,,8554000000.0,10848000000.0,,12.36,-106000000.0,3140000000.0,3140000000.0,2361000000.0,425000000.0,1.593,1.429,5160000000.0,1363000000.0,3797000000.0,5160000000.0,0.0,171000000.0,0.0,0.032,0.48,654000000.0,825000000.0,0.204,825000000.0,654000000.0,615000000.0,0.64,0.64,0.64,7966000000.0,,7966000000.0,37452905470.0,16.0,12.968,542000000.0,0.841,1.0,1678000000.0,0.415,7164000000.0,39000000.0,8888000000.0,,1891000000.0,0.0,0.0,0.0,11380000000.0,5370000000.0,6010000000.0,38423905470.0,-1899000000.0,-2964000000.0,-280000000.0,1091000000.0,-309000000.0,505000000.0,-3100000000.0,0.0,648000000.0,48000000.0,413000000.0,413000000.0,413000000.0,-6000000.0,12000000.0,0.102,1018000000.0,660000000.0,1613000000.0,0.75,4.823,26.463,26.498,3304000000.0,0.0,59.62,2.603,2.603,2926000000.0,21800000000.0,4039000000.0,4039000000.0,0.0,,,,,0.0,931000000.0,1.0,644480132.0,644480132.0,,6.267,12238000000.0,0.0,202000000.0,219000000.0,18.989,3184000000.0
17,EMR,MRQ,2017-03-31,2017-03-31,2017-03-31,2021-09-07,-1690000000.0,17277000000.0,,9446000000.0,7831000000.0,,12.411,-94000000.0,5039000000.0,5039000000.0,2017000000.0,300000000.0,2.505,1.152,4068000000.0,252000000.0,3816000000.0,4068000000.0,0.0,140000000.0,0.0,0.032,0.48,514000000.0,654000000.0,0.183,654000000.0,514000000.0,473000000.0,0.45,0.45,0.45,8006000000.0,,8006000000.0,38531571446.0,16.0,13.137,78000000.0,0.121,1.0,1557000000.0,0.436,4760000000.0,41000000.0,7775000000.0,,1331000000.0,0.0,0.0,0.0,9220000000.0,3771000000.0,5449000000.0,38613571446.0,888000000.0,1157000000.0,-120000000.0,-4000000.0,-310000000.0,-362000000.0,1033000000.0,0.0,172000000.0,45000000.0,292000000.0,292000000.0,292000000.0,84000000.0,8000000.0,0.082,951000000.0,606000000.0,1368000000.0,1.067,4.823,25.437,25.472,2880000000.0,0.0,59.86,2.682,2.682,2479000000.0,21696000000.0,3574000000.0,3574000000.0,0.0,,,,,0.0,868000000.0,1.0,645064675.0,645064675.0,,5.541,12517000000.0,0.0,181000000.0,199000000.0,19.404,5675000000.0
18,EMR,MRQ,2016-12-31,2016-12-31,2016-12-31,2021-09-07,-2030000000.0,17471000000.0,,8877000000.0,8594000000.0,,11.999,-100000000.0,4151000000.0,4151000000.0,1851000000.0,315000000.0,2.141,1.26,4069000000.0,254000000.0,3815000000.0,4069000000.0,0.0,143000000.0,0.0,0.034,0.48,449000000.0,592000000.0,0.184,592000000.0,449000000.0,403000000.0,0.48,0.48,0.48,7713000000.0,,7713000000.0,39298816133.0,16.0,13.043,138000000.0,0.215,1.0,1365000000.0,0.424,4740000000.0,46000000.0,8503000000.0,,1278000000.0,0.0,0.0,0.0,9717000000.0,4146000000.0,5571000000.0,35834816133.0,969000000.0,3878000000.0,0.0,-2566000000.0,-311000000.0,-2920000000.0,3758000000.0,0.0,238000000.0,-107000000.0,309000000.0,309000000.0,309000000.0,0.0,6000000.0,0.096,855000000.0,510000000.0,1335000000.0,1.0,4.646,22.467,22.571,2861000000.0,0.0,55.75,2.488,2.488,2426000000.0,21714000000.0,3216000000.0,3216000000.0,0.0,,,,,0.0,822000000.0,1.0,642776971.0,642776971.0,,5.003,12731000000.0,0.0,94000000.0,396000000.0,19.806,4731000000.0
19,EMR,MRQ,2016-09-30,2016-09-30,2016-09-30,2021-09-07,-1999000000.0,21732000000.0,,9960000000.0,11772000000.0,,11.76,-146000000.0,3182000000.0,3182000000.0,2219000000.0,445000000.0,1.244,1.865,6635000000.0,2584000000.0,4051000000.0,6635000000.0,0.0,142000000.0,0.0,0.035,0.475,675000000.0,817000000.0,0.208,817000000.0,675000000.0,626000000.0,0.68,0.68,0.68,7568000000.0,,7568000000.0,38845225473.0,15.0,12.579,811000000.0,1.26,1.0,1713000000.0,0.436,4811000000.0,49000000.0,12366000000.0,,1208000000.0,0.0,0.0,0.0,14114000000.0,8008000000.0,6106000000.0,35079225473.0,-334000000.0,-92000000.0,-46000000.0,-638000000.0,-305000000.0,-995000000.0,-253000000.0,0.0,957000000.0,-43000000.0,438000000.0,438000000.0,438000000.0,0.0,7000000.0,0.111,990000000.0,723000000.0,1517000000.0,0.699,4.635,21.455,21.545,2931000000.0,0.0,54.51,2.416,2.416,2701000000.0,21716000000.0,3932000000.0,3932000000.0,0.0,,,,,0.0,855000000.0,1.0,643537433.0,643537433.0,,6.11,16921000000.0,0.0,188000000.0,180000000.0,26.294,1952000000.0
20,EMR,MRQ,2016-06-30,2016-06-30,2016-06-30,2021-09-07,-1564000000.0,22082000000.0,,10220000000.0,11862000000.0,,12.281,-91000000.0,3516000000.0,3516000000.0,2081000000.0,489000000.0,1.227,1.788,7282000000.0,3220000000.0,4062000000.0,7282000000.0,0.0,140000000.0,0.0,0.036,0.475,730000000.0,870000000.0,0.237,870000000.0,730000000.0,684000000.0,0.74,0.74,0.74,7901000000.0,,7901000000.0,37529190299.0,14.0,12.06,627000000.0,0.975,1.0,1593000000.0,0.434,8078000000.0,46000000.0,9444000000.0,,1949000000.0,0.0,0.0,0.0,14127000000.0,8326000000.0,5801000000.0,33557190299.0,194000000.0,-68000000.0,0.0,-11000000.0,-306000000.0,-325000000.0,-185000000.0,0.0,718000000.0,-14000000.0,479000000.0,479000000.0,479000000.0,0.0,10000000.0,0.13,891000000.0,702000000.0,2230000000.0,0.642,4.247,18.188,18.366,3521000000.0,0.0,52.16,3.243,3.243,4014000000.0,21583000000.0,3674000000.0,3674000000.0,0.0,,,,,0.0,852000000.0,1.0,643351041.0,643351041.0,,5.711,14004000000.0,0.0,205000000.0,79000000.0,21.767,1894000000.0
21,EMR,MRQ,2016-03-31,2016-03-31,2016-03-31,2021-09-07,-1582000000.0,21764000000.0,,9913000000.0,11851000000.0,,11.961,-86000000.0,3322000000.0,3322000000.0,2037000000.0,377000000.0,1.212,1.823,7294000000.0,3232000000.0,4062000000.0,7294000000.0,0.0,142000000.0,0.0,0.035,0.475,592000000.0,734000000.0,0.205,734000000.0,592000000.0,546000000.0,0.57,0.57,0.57,7692000000.0,,7692000000.0,39315636769.0,14.0,12.027,633000000.0,0.984,1.0,1542000000.0,0.431,8079000000.0,46000000.0,9475000000.0,,1950000000.0,0.0,0.0,0.0,14021000000.0,8182000000.0,5839000000.0,34972636769.0,213000000.0,-23000000.0,-48000000.0,-159000000.0,-306000000.0,-514000000.0,-25000000.0,0.0,719000000.0,33000000.0,369000000.0,369000000.0,369000000.0,0.0,8000000.0,0.103,944000000.0,598000000.0,2140000000.0,0.833,4.547,18.121,18.497,3523000000.0,0.0,54.38,2.872,2.872,3874000000.0,21410000000.0,3579000000.0,3579000000.0,0.0,,,,,0.0,878000000.0,1.0,643115792.0,643115792.0,,5.565,13685000000.0,0.0,177000000.0,88000000.0,21.279,1731000000.0
22,EMR,MRQ,2015-12-31,2015-12-31,2015-12-31,2021-09-07,-1738000000.0,21552000000.0,,9694000000.0,11858000000.0,,11.391,-124000000.0,3109000000.0,3109000000.0,1923000000.0,353000000.0,1.182,1.885,7452000000.0,3409000000.0,4043000000.0,7452000000.0,0.0,144000000.0,0.0,0.039,0.475,523000000.0,667000000.0,0.2,667000000.0,523000000.0,476000000.0,0.54,0.53,0.54,7456000000.0,,7456000000.0,35095468054.0,9.0,8.016,363000000.0,0.555,1.0,1414000000.0,0.424,8068000000.0,47000000.0,9625000000.0,,1903000000.0,0.0,0.0,0.0,14055000000.0,8202000000.0,5853000000.0,31307468054.0,55000000.0,-26000000.0,-507000000.0,610000000.0,-310000000.0,-211000000.0,-163000000.0,0.0,487000000.0,-58000000.0,349000000.0,349000000.0,349000000.0,0.0,4000000.0,0.105,933000000.0,481000000.0,2075000000.0,0.88,4.199,12.355,12.62,3520000000.0,0.0,47.83,2.236,2.236,3842000000.0,21347000000.0,3337000000.0,3337000000.0,0.0,,,,,0.0,879000000.0,1.0,654557141.0,654557141.0,,5.098,13484000000.0,0.0,127000000.0,102000000.0,20.6,1492000000.0
23,EMR,MRQ,2015-09-30,2015-09-30,2015-09-30,2021-09-07,-1617000000.0,22088000000.0,,10049000000.0,12039000000.0,,12.297,-72000000.0,3054000000.0,3054000000.0,-569000000.0,651000000.0,1.288,1.728,6841000000.0,2552000000.0,4289000000.0,6841000000.0,0.0,-40000000.0,0.0,0.043,0.47,881000000.0,841000000.0,-3.49,841000000.0,881000000.0,832000000.0,0.99,0.98,0.99,8081000000.0,,8081000000.0,33101884357.0,8.0,7.006,1029000000.0,1.566,1.0,328000000.0,-1.361,4785000000.0,49000000.0,13290000000.0,,1265000000.0,0.0,0.0,0.0,13960000000.0,7800000000.0,6160000000.0,29025884357.0,-339000000.0,251000000.0,-460000000.0,-600000000.0,-309000000.0,-1376000000.0,44000000.0,0.0,1101000000.0,-108000000.0,648000000.0,648000000.0,648000000.0,0.0,3000000.0,-2.689,-256000000.0,584000000.0,1537000000.0,0.475,3.592,10.711,11.015,2929000000.0,0.0,44.17,1.786,1.786,2870000000.0,21308000000.0,-241000000.0,-241000000.0,0.0,,,,,0.0,-264000000.0,1.0,657140239.0,657140239.0,,-0.367,17303000000.0,0.0,184000000.0,87000000.0,26.331,2249000000.0
24,EMR,MRQ,2015-06-30,2015-06-30,2015-06-30,2021-09-07,-1056000000.0,23464000000.0,,10644000000.0,12820000000.0,,13.091,-157000000.0,3393000000.0,3393000000.0,3269000000.0,574000000.0,1.281,1.676,7469000000.0,3179000000.0,4290000000.0,7469000000.0,0.0,201000000.0,0.0,0.033,0.47,826000000.0,1027000000.0,0.187,1027000000.0,826000000.0,786000000.0,0.84,0.84,0.84,8749000000.0,,8749000000.0,40418149808.0,10.0,9.024,342000000.0,0.512,1.0,2234000000.0,0.406,8505000000.0,40000000.0,10723000000.0,,2144000000.0,0.0,0.0,0.0,14665000000.0,8312000000.0,6353000000.0,37044149808.0,137000000.0,-97000000.0,-690000000.0,838000000.0,-313000000.0,-157000000.0,-254000000.0,0.0,499000000.0,49000000.0,564000000.0,564000000.0,564000000.0,0.0,10000000.0,0.102,1398000000.0,836000000.0,2402000000.0,0.56,4.234,14.985,15.355,3610000000.0,0.0,55.43,2.246,2.246,4272000000.0,20969000000.0,5503000000.0,5503000000.0,0.0,,,,,0.0,1276000000.0,1.0,668305066.0,668305066.0,,8.234,14959000000.0,0.0,222000000.0,53000000.0,22.383,2332000000.0
25,EMR,MRQ,2015-03-31,2015-03-31,2015-03-31,2021-09-07,-1273000000.0,22968000000.0,,10344000000.0,12624000000.0,,13.015,-152000000.0,3256000000.0,3256000000.0,3234000000.0,979000000.0,1.179,1.57,6630000000.0,3358000000.0,3272000000.0,6630000000.0,0.0,205000000.0,0.0,0.032,0.47,1638000000.0,1843000000.0,0.341,1843000000.0,1638000000.0,1598000000.0,1.42,1.42,1.42,8918000000.0,,8918000000.0,42447131012.0,10.0,8.91,206000000.0,0.301,1.0,2166000000.0,0.401,8360000000.0,40000000.0,9212000000.0,,2107000000.0,0.0,0.0,0.0,14000000000.0,8770000000.0,5230000000.0,38796131012.0,134000000.0,1389000000.0,-842000000.0,-145000000.0,-321000000.0,-1269000000.0,1177000000.0,0.0,358000000.0,-132000000.0,973000000.0,973000000.0,973000000.0,0.0,6000000.0,0.18,1454000000.0,712000000.0,2407000000.0,0.331,4.35,14.718,14.9,3570000000.0,0.0,56.62,2.242,2.242,4299000000.0,20718000000.0,5400000000.0,5400000000.0,0.0,,,,,0.0,1318000000.0,1.0,685201890.0,685201890.0,,7.881,14608000000.0,0.0,625000000.0,410000000.0,21.319,1574000000.0
26,EMR,MRQ,2014-12-31,2014-12-31,2014-12-31,2021-09-07,-875000000.0,23724000000.0,,10483000000.0,13241000000.0,,13.715,-207000000.0,3122000000.0,3122000000.0,3307000000.0,529000000.0,1.181,1.489,6773000000.0,3484000000.0,3289000000.0,6773000000.0,0.0,207000000.0,0.0,0.029,0.47,807000000.0,1014000000.0,0.181,1014000000.0,807000000.0,761000000.0,0.76,0.75,0.76,9513000000.0,,9513000000.0,45693076821.0,13.0,11.458,364000000.0,0.525,1.0,2280000000.0,0.408,8589000000.0,46000000.0,9909000000.0,,2121000000.0,0.0,0.0,0.0,14168000000.0,8877000000.0,5291000000.0,42818076821.0,-27000000.0,-143000000.0,-509000000.0,748000000.0,-326000000.0,-146000000.0,-376000000.0,0.0,571000000.0,-76000000.0,525000000.0,525000000.0,525000000.0,0.0,4000000.0,0.094,1469000000.0,811000000.0,2468000000.0,0.618,4.501,19.375,19.535,3631000000.0,0.0,61.73,2.417,2.417,4404000000.0,20066000000.0,5587000000.0,5587000000.0,0.0,,,,,0.0,1405000000.0,1.0,693634810.0,693634810.0,,8.055,15135000000.0,0.0,236000000.0,285000000.0,21.82,1606000000.0
27,EMR,MRQ,2014-09-30,2014-09-30,2014-09-30,2021-09-07,-575000000.0,24177000000.0,,10867000000.0,13310000000.0,,14.499,-78000000.0,3149000000.0,3149000000.0,-490000000.0,415000000.0,1.285,1.385,6024000000.0,2465000000.0,3559000000.0,6024000000.0,0.0,-54000000.0,0.0,0.027,0.43,649000000.0,595000000.0,198.333,595000000.0,649000000.0,600000000.0,0.59,0.58,0.59,10119000000.0,,10119000000.0,47166536282.0,14.0,12.204,1330000000.0,1.906,1.0,493000000.0,164.333,8871000000.0,49000000.0,9727000000.0,,2057000000.0,0.0,0.0,0.0,14010000000.0,8454000000.0,5556000000.0,43675536282.0,100000000.0,-7000000.0,-265000000.0,-517000000.0,-300000000.0,-1084000000.0,-133000000.0,0.0,1408000000.0,-91000000.0,410000000.0,410000000.0,410000000.0,0.0,5000000.0,136.667,-215000000.0,708000000.0,2951000000.0,0.729,4.316,20.343,20.518,3802000000.0,0.0,62.58,2.463,2.463,5019000000.0,19867000000.0,3000000.0,3000000.0,0.0,,,,,0.0,-98000000.0,1.0,697915249.0,697915249.0,,0.004,15306000000.0,0.0,190000000.0,162000000.0,21.931,2413000000.0
28,EMR,MRQ,2014-06-30,2014-06-30,2014-06-30,2021-09-07,-52000000.0,25115000000.0,,10813000000.0,14302000000.0,,15.419,-176000000.0,3049000000.0,3049000000.0,3674000000.0,738000000.0,1.267,1.316,6540000000.0,2975000000.0,3565000000.0,6540000000.0,0.0,204000000.0,0.0,0.026,0.43,1108000000.0,1312000000.0,0.208,1312000000.0,1108000000.0,1062000000.0,1.03,1.03,1.03,10820000000.0,,10820000000.0,50340737282.0,13.0,10.709,842000000.0,1.2,1.0,2638000000.0,0.418,9685000000.0,46000000.0,10388000000.0,,2253000000.0,0.0,0.0,0.0,14242000000.0,8533000000.0,5709000000.0,46567737282.0,325000000.0,-38000000.0,-187000000.0,42000000.0,-304000000.0,-431000000.0,-266000000.0,0.0,1018000000.0,4000000.0,728000000.0,728000000.0,728000000.0,0.0,10000000.0,0.115,1520000000.0,1118000000.0,2645000000.0,0.417,4.304,18.392,18.588,3737000000.0,0.0,66.36,1.897,1.897,4772000000.0,19757000000.0,6312000000.0,6312000000.0,0.0,,,,,0.0,1424000000.0,1.0,701744082.0,701744082.0,,8.995,15430000000.0,0.0,334000000.0,177000000.0,21.988,2280000000.0
29,EMR,MRQ,2014-03-31,2014-03-31,2014-03-31,2021-09-07,-128000000.0,24346000000.0,,10203000000.0,14143000000.0,,14.904,-161000000.0,2724000000.0,2724000000.0,3417000000.0,554000000.0,1.303,1.319,6497000000.0,2661000000.0,3836000000.0,6497000000.0,0.0,210000000.0,0.0,0.025,0.43,857000000.0,1067000000.0,0.184,1067000000.0,857000000.0,810000000.0,0.78,0.77,0.78,10477000000.0,,10477000000.0,50014452375.0,15.0,12.104,414000000.0,0.589,1.0,2395000000.0,0.412,9685000000.0,47000000.0,10602000000.0,,2233000000.0,0.0,0.0,0.0,13821000000.0,7832000000.0,5989000000.0,46959452375.0,-13000000.0,0.0,-206000000.0,696000000.0,-302000000.0,-369000000.0,-205000000.0,0.0,575000000.0,-14000000.0,547000000.0,547000000.0,547000000.0,0.0,7000000.0,0.094,1531000000.0,864000000.0,2522000000.0,0.551,4.482,23.503,23.772,3692000000.0,0.0,66.8,1.911,1.911,4563000000.0,19333000000.0,5812000000.0,5812000000.0,0.0,,,,,0.0,1394000000.0,1.0,702985814.0,702985814.0,,8.268,14661000000.0,0.0,263000000.0,66000000.0,20.855,2371000000.0
30,EMR,MRQ,2013-12-31,2013-12-31,2013-12-31,2021-09-07,-146000000.0,24124000000.0,,9999000000.0,14125000000.0,,15.258,-236000000.0,2737000000.0,2737000000.0,3370000000.0,477000000.0,1.407,1.233,5792000000.0,1958000000.0,3834000000.0,5792000000.0,0.0,209000000.0,0.0,0.024,0.43,682000000.0,891000000.0,0.159,891000000.0,682000000.0,628000000.0,0.65,0.65,0.65,10741000000.0,,10741000000.0,51771228470.0,16.0,12.502,455000000.0,0.646,1.0,2236000000.0,0.399,9710000000.0,54000000.0,10361000000.0,,2162000000.0,0.0,0.0,0.0,13241000000.0,7108000000.0,6133000000.0,49404228470.0,-538000000.0,-308000000.0,-390000000.0,73000000.0,-304000000.0,-675000000.0,-555000000.0,0.0,691000000.0,1000000.0,462000000.0,462000000.0,462000000.0,0.0,15000000.0,0.082,1539000000.0,697000000.0,2425000000.0,0.662,4.6,24.555,25.064,3639000000.0,0.0,70.18,1.998,1.998,4429000000.0,19088000000.0,5606000000.0,5606000000.0,0.0,,,,,0.0,1444000000.0,1.0,703964498.0,703964498.0,,7.963,14414000000.0,0.0,166000000.0,199000000.0,20.475,2891000000.0
31,EMR,MRQ,2013-09-30,2013-09-30,2013-09-30,2021-09-07,-189000000.0,24711000000.0,,10999000000.0,13712000000.0,,14.814,-241000000.0,3275000000.0,3275000000.0,4008000000.0,808000000.0,1.442,1.322,5642000000.0,1587000000.0,4055000000.0,5642000000.0,0.0,207000000.0,0.0,0.025,0.41,1224000000.0,1431000000.0,0.21,1431000000.0,1224000000.0,1168000000.0,1.11,1.1,1.11,10585000000.0,,10585000000.0,48965184427.0,15.0,11.739,1205000000.0,1.686,1.0,2804000000.0,0.412,9181000000.0,56000000.0,10272000000.0,,1895000000.0,0.0,0.0,0.0,13993000000.0,7625000000.0,6368000000.0,46230184427.0,465000000.0,1000000.0,-537000000.0,98000000.0,-293000000.0,-735000000.0,-259000000.0,0.0,1446000000.0,13000000.0,795000000.0,795000000.0,795000000.0,0.0,13000000.0,0.117,1567000000.0,1237000000.0,2725000000.0,0.369,4.368,23.069,23.273,3605000000.0,0.0,64.7,1.874,1.874,4808000000.0,18930000000.0,6812000000.0,6812000000.0,0.0,,,,,0.0,1432000000.0,1.0,714531444.0,714531444.0,,9.534,15530000000.0,0.0,373000000.0,129000000.0,21.735,3374000000.0
32,EMR,MRQ,2013-06-30,2013-06-30,2013-06-30,2021-09-07,-745000000.0,23513000000.0,,10506000000.0,13007000000.0,,14.072,-140000000.0,2810000000.0,2810000000.0,3776000000.0,214000000.0,1.512,1.31,5545000000.0,1486000000.0,4059000000.0,5545000000.0,0.0,201000000.0,0.0,0.03,0.41,542000000.0,743000000.0,0.117,743000000.0,542000000.0,491000000.0,0.27,0.27,0.27,10116000000.0,,10116000000.0,42135767840.0,15.0,11.776,850000000.0,1.182,1.0,2568000000.0,0.405,9212000000.0,51000000.0,10086000000.0,,2304000000.0,0.0,0.0,0.0,13249000000.0,6950000000.0,6299000000.0,39206767840.0,195000000.0,-20000000.0,-302000000.0,1000000.0,-295000000.0,-598000000.0,-188000000.0,0.0,990000000.0,-9000000.0,194000000.0,194000000.0,194000000.0,0.0,20000000.0,0.031,2006000000.0,562000000.0,2614000000.0,1.519,3.876,26.296,26.476,3475000000.0,0.0,54.54,1.597,1.597,4725000000.0,18428000000.0,6344000000.0,6344000000.0,0.0,,,,,0.0,1396000000.0,1.0,718862630.0,718862630.0,,8.825,14301000000.0,0.0,297000000.0,67000000.0,19.894,3556000000.0
33,EMR,MRQ,2013-03-31,2013-03-31,2013-03-31,2021-09-07,-708000000.0,23724000000.0,,10189000000.0,13535000000.0,,14.586,-97000000.0,2615000000.0,2615000000.0,3587000000.0,578000000.0,1.534,1.239,5544000000.0,1485000000.0,4059000000.0,5544000000.0,0.0,205000000.0,0.0,0.029,0.41,871000000.0,1076000000.0,0.181,1076000000.0,871000000.0,814000000.0,0.77,0.77,0.77,10532000000.0,,10532000000.0,43269197447.0,13.0,10.217,477000000.0,0.661,1.0,2373000000.0,0.398,9741000000.0,57000000.0,10268000000.0,,2327000000.0,0.0,0.0,0.0,13050000000.0,6644000000.0,6406000000.0,40342197447.0,88000000.0,0.0,-158000000.0,90000000.0,-296000000.0,-342000000.0,-123000000.0,0.0,574000000.0,-21000000.0,561000000.0,561000000.0,561000000.0,0.0,17000000.0,0.094,1485000000.0,888000000.0,2460000000.0,0.532,3.83,19.517,19.673,3481000000.0,0.0,55.87,1.633,1.633,4559000000.0,18529000000.0,5960000000.0,5960000000.0,0.0,,,,,0.0,1426000000.0,1.0,722072623.0,722072623.0,,8.254,13983000000.0,0.0,253000000.0,48000000.0,19.365,3545000000.0
34,EMR,MRQ,2012-12-31,2012-12-31,2012-12-31,2021-09-07,-617000000.0,23771000000.0,,10086000000.0,13685000000.0,,14.47,-200000000.0,2527000000.0,2527000000.0,3346000000.0,466000000.0,1.4,1.255,5454000000.0,1912000000.0,3542000000.0,5454000000.0,0.0,206000000.0,0.0,0.03,0.41,715000000.0,921000000.0,0.166,921000000.0,715000000.0,661000000.0,0.63,0.62,0.63,10478000000.0,,10478000000.0,41276419711.0,12.0,9.777,439000000.0,0.606,1.0,2207000000.0,0.397,9866000000.0,54000000.0,9629000000.0,,2308000000.0,0.0,0.0,0.0,13153000000.0,7203000000.0,5950000000.0,38350419711.0,160000000.0,3000000.0,-113000000.0,160000000.0,-297000000.0,-258000000.0,-219000000.0,0.0,639000000.0,-2000000.0,454000000.0,454000000.0,454000000.0,0.0,12000000.0,0.082,1480000000.0,727000000.0,2431000000.0,0.651,3.66,18.698,18.847,3503000000.0,0.0,52.96,1.555,1.555,4556000000.0,18264000000.0,5553000000.0,5553000000.0,0.0,,,,,0.0,1394000000.0,1.0,724139345.0,724139345.0,,7.668,13905000000.0,0.0,207000000.0,212000000.0,19.202,2883000000.0
35,EMR,MRQ,2012-09-30,2012-09-30,2012-09-30,2021-09-07,-731000000.0,23818000000.0,,10126000000.0,13692000000.0,,14.155,-237000000.0,2367000000.0,2367000000.0,3951000000.0,300000000.0,1.42,1.299,5293000000.0,1506000000.0,3787000000.0,5293000000.0,0.0,206000000.0,0.0,0.033,0.4,632000000.0,838000000.0,0.125,838000000.0,632000000.0,575000000.0,0.39,0.39,0.39,10295000000.0,,10295000000.0,38664916882.0,12.0,9.417,1074000000.0,1.477,1.0,2749000000.0,0.41,9864000000.0,57000000.0,9747000000.0,,2125000000.0,0.0,0.0,0.0,13376000000.0,7133000000.0,6243000000.0,35107916882.0,75000000.0,116000000.0,-270000000.0,-557000000.0,-290000000.0,-1101000000.0,-160000000.0,0.0,1311000000.0,25000000.0,282000000.0,282000000.0,282000000.0,0.0,18000000.0,0.042,2099000000.0,650000000.0,2767000000.0,1.026,3.41,17.839,18.011,3509000000.0,0.0,48.27,1.438,1.438,4983000000.0,18107000000.0,6700000000.0,6700000000.0,0.0,,,,,0.0,1385000000.0,1.0,727323739.0,727323739.0,,9.212,13954000000.0,0.0,293000000.0,128000000.0,19.185,2993000000.0
36,EMR,MRQ,2012-06-30,2012-06-30,2012-06-30,2021-09-07,-767000000.0,24326000000.0,,10003000000.0,14323000000.0,,14.339,-141000000.0,2292000000.0,2292000000.0,3856000000.0,787000000.0,1.352,1.299,5849000000.0,2060000000.0,3789000000.0,5849000000.0,0.0,211000000.0,0.0,0.033,0.4,1189000000.0,1400000000.0,0.216,1400000000.0,1189000000.0,1138000000.0,1.05,1.04,1.05,10519000000.0,,10519000000.0,37864337436.0,10.0,8.16,705000000.0,0.961,1.0,2628000000.0,0.405,10595000000.0,51000000.0,9892000000.0,,2367000000.0,0.0,0.0,0.0,13661000000.0,7396000000.0,6265000000.0,34171337436.0,139000000.0,-11000000.0,-198000000.0,5000000.0,-293000000.0,-494000000.0,-149000000.0,0.0,846000000.0,-64000000.0,770000000.0,770000000.0,770000000.0,0.0,17000000.0,0.119,1422000000.0,1206000000.0,2617000000.0,0.381,3.249,13.965,14.115,3418000000.0,0.0,46.58,1.409,1.409,4601000000.0,18115000000.0,6484000000.0,6484000000.0,0.0,,,,,0.0,1338000000.0,1.0,733605355.0,733605355.0,,8.839,13731000000.0,0.0,368000000.0,158000000.0,18.717,2607000000.0
37,EMR,MRQ,2012-03-31,2012-03-31,2012-03-31,2021-09-07,-496000000.0,24134000000.0,,9544000000.0,14590000000.0,,14.312,-157000000.0,2153000000.0,2153000000.0,3583000000.0,556000000.0,1.378,1.282,5846000000.0,1828000000.0,4018000000.0,5846000000.0,0.0,202000000.0,0.0,0.029,0.4,861000000.0,1063000000.0,0.18,1063000000.0,861000000.0,803000000.0,0.74,0.74,0.74,10511000000.0,,10511000000.0,41865880603.0,11.0,9.328,405000000.0,0.551,1.0,2336000000.0,0.395,10802000000.0,58000000.0,10100000000.0,,2402000000.0,0.0,0.0,0.0,13479000000.0,6925000000.0,6554000000.0,38322880603.0,77000000.0,-167000000.0,-85000000.0,226000000.0,-294000000.0,-134000000.0,-357000000.0,0.0,562000000.0,6000000.0,545000000.0,545000000.0,545000000.0,0.0,11000000.0,0.092,1464000000.0,872000000.0,2419000000.0,0.541,3.646,16.239,16.513,3449000000.0,0.0,52.18,1.593,1.593,4319000000.0,17638000000.0,5919000000.0,5919000000.0,0.0,,,,,0.0,1359000000.0,1.0,734436194.0,734436194.0,,8.059,13332000000.0,0.0,258000000.0,178000000.0,18.153,2619000000.0
38,EMR,MRQ,2011-12-31,2011-12-31,2011-12-31,2021-09-07,-629000000.0,23444000000.0,,9075000000.0,14369000000.0,,13.85,-130000000.0,2076000000.0,2076000000.0,3254000000.0,381000000.0,1.389,1.287,5619000000.0,1578000000.0,4041000000.0,5619000000.0,0.0,204000000.0,0.0,0.031,0.4,601000000.0,805000000.0,0.152,805000000.0,601000000.0,543000000.0,0.5,0.5,0.5,10190000000.0,,10190000000.0,37427575541.0,10.0,8.28,204000000.0,0.277,1.0,2055000000.0,0.387,10616000000.0,58000000.0,9837000000.0,,2317000000.0,0.0,0.0,0.0,13111000000.0,6534000000.0,6577000000.0,34278575541.0,24000000.0,0.0,-244000000.0,416000000.0,-294000000.0,-170000000.0,-140000000.0,0.0,334000000.0,0.0,371000000.0,371000000.0,371000000.0,0.0,10000000.0,0.07,1444000000.0,611000000.0,2302000000.0,0.8,3.364,14.457,14.744,3415000000.0,0.0,46.59,1.429,1.429,4040000000.0,17387000000.0,5309000000.0,5309000000.0,0.0,,,,,0.0,1354000000.0,1.0,735749636.0,735749636.0,,7.216,12828000000.0,0.0,172000000.0,170000000.0,17.435,2541000000.0
39,EMR,MRQ,2011-09-30,2011-09-30,2011-09-30,2021-09-07,-562000000.0,23861000000.0,,9345000000.0,14516000000.0,,13.964,-244000000.0,2052000000.0,2052000000.0,3955000000.0,774000000.0,1.445,1.28,5201000000.0,877000000.0,4324000000.0,5201000000.0,0.0,217000000.0,0.0,0.033,0.345,1155000000.0,1372000000.0,0.21,1372000000.0,1155000000.0,1106000000.0,1.01,1.01,1.01,10399000000.0,,10399000000.0,34197754173.0,9.0,7.281,1011000000.0,1.358,1.0,2590000000.0,0.396,10740000000.0,49000000.0,9805000000.0,,2100000000.0,0.0,0.0,0.0,13310000000.0,6465000000.0,6845000000.0,30763754173.0,271000000.0,99000000.0,-440000000.0,-15000000.0,-258000000.0,-723000000.0,-175000000.0,0.0,1255000000.0,-86000000.0,761000000.0,761000000.0,761000000.0,-26000000.0,13000000.0,0.116,1448000000.0,1142000000.0,2677000000.0,0.342,2.958,12.405,12.556,3437000000.0,0.0,41.31,1.27,1.27,4502000000.0,17310000000.0,6545000000.0,6545000000.0,0.0,,,,,0.0,1339000000.0,1.0,744704773.0,744704773.0,,8.789,13121000000.0,0.0,345000000.0,139000000.0,17.619,2880000000.0
40,EMR,MRQ,2011-06-30,2011-06-30,2011-06-30,2021-09-07,-74000000.0,24104000000.0,,9283000000.0,14821000000.0,,14.427,-195000000.0,1781000000.0,1781000000.0,3790000000.0,698000000.0,1.472,1.209,5215000000.0,862000000.0,4353000000.0,5215000000.0,0.0,215000000.0,0.0,0.024,0.345,1033000000.0,1248000000.0,0.198,1248000000.0,1033000000.0,977000000.0,0.91,0.9,0.91,10844000000.0,,10844000000.0,45812519794.0,12.0,9.951,708000000.0,0.942,1.0,2498000000.0,0.397,11048000000.0,56000000.0,10182000000.0,,2422000000.0,0.0,0.0,0.0,13105000000.0,6308000000.0,6797000000.0,42281519794.0,188000000.0,-42000000.0,-319000000.0,91000000.0,-259000000.0,-486000000.0,-246000000.0,0.0,903000000.0,17000000.0,683000000.0,683000000.0,683000000.0,0.0,15000000.0,0.109,1450000000.0,1048000000.0,2633000000.0,0.379,3.899,17.132,17.202,3382000000.0,0.0,56.25,1.798,1.798,4443000000.0,16807000000.0,6288000000.0,6288000000.0,0.0,,,,,0.0,1363000000.0,1.0,751671463.0,751671463.0,,8.365,13056000000.0,0.0,294000000.0,156000000.0,17.369,2975000000.0
41,EMR,MRQ,2011-03-31,2011-03-31,2011-03-31,2021-09-07,-150000000.0,23535000000.0,,8798000000.0,14737000000.0,,14.116,-126000000.0,1593000000.0,1593000000.0,3548000000.0,567000000.0,1.483,1.196,5124000000.0,771000000.0,4353000000.0,5124000000.0,0.0,216000000.0,0.0,0.023,0.345,879000000.0,1095000000.0,0.187,1095000000.0,879000000.0,822000000.0,0.74,0.73,0.74,10645000000.0,,10645000000.0,47721852974.0,13.0,10.666,627000000.0,0.831,1.0,2306000000.0,0.394,11051000000.0,57000000.0,10081000000.0,,2324000000.0,0.0,0.0,0.0,12730000000.0,5934000000.0,6796000000.0,44062852974.0,100000000.0,-147000000.0,-125000000.0,-33000000.0,-261000000.0,-397000000.0,-290000000.0,0.0,753000000.0,34000000.0,556000000.0,556000000.0,556000000.0,0.0,11000000.0,0.095,1416000000.0,890000000.0,2463000000.0,0.466,4.139,18.592,18.608,3303000000.0,0.0,58.43,1.946,1.946,4231000000.0,16383000000.0,5854000000.0,5854000000.0,0.0,,,,,0.0,1315000000.0,1.0,754113520.0,754113520.0,,7.763,12484000000.0,0.0,266000000.0,118000000.0,16.555,2864000000.0
42,EMR,MRQ,2010-12-31,2010-12-31,2010-12-31,2021-09-07,-432000000.0,22703000000.0,,8305000000.0,14398000000.0,,13.512,-82000000.0,1493000000.0,1493000000.0,3372000000.0,491000000.0,1.483,1.217,5152000000.0,800000000.0,4352000000.0,5152000000.0,0.0,219000000.0,0.0,0.024,0.345,763000000.0,982000000.0,0.177,982000000.0,763000000.0,702000000.0,0.63,0.63,0.63,10170000000.0,,10170000000.0,46503406807.0,14.0,10.976,240000000.0,0.319,1.0,2163000000.0,0.391,10762000000.0,61000000.0,10000000000.0,,2207000000.0,0.0,0.0,0.0,12380000000.0,5600000000.0,6780000000.0,43029406807.0,-99000000.0,-39000000.0,-51000000.0,86000000.0,-261000000.0,-281000000.0,-137000000.0,0.0,322000000.0,-3000000.0,480000000.0,480000000.0,480000000.0,0.0,11000000.0,0.087,1389000000.0,774000000.0,2243000000.0,0.548,4.231,19.391,19.446,3255000000.0,0.0,57.17,1.979,1.979,3956000000.0,16088000000.0,5535000000.0,5535000000.0,0.0,,,,,0.0,1311000000.0,1.0,752657107.0,752657107.0,,7.354,11941000000.0,0.0,222000000.0,110000000.0,15.865,2705000000.0
43,EMR,MRQ,2010-09-30,2010-09-30,2010-09-30,2021-09-07,-426000000.0,22843000000.0,,8363000000.0,14480000000.0,,13.014,-224000000.0,1592000000.0,1592000000.0,3510000000.0,761000000.0,1.43,1.316,5066000000.0,480000000.0,4586000000.0,5066000000.0,0.0,211000000.0,0.0,0.025,0.335,1068000000.0,1279000000.0,0.219,1279000000.0,1068000000.0,1003000000.0,0.99,0.98,0.99,9792000000.0,,9792000000.0,43073846355.0,13.0,10.534,1046000000.0,1.39,1.0,2331000000.0,0.399,10806000000.0,65000000.0,9662000000.0,,2105000000.0,0.0,0.0,0.0,12891000000.0,5849000000.0,7042000000.0,39621846355.0,-1832000000.0,-625000000.0,-29000000.0,-1982000000.0,-253000000.0,-2306000000.0,-862000000.0,0.0,1270000000.0,66000000.0,749000000.0,749000000.0,749000000.0,9000000.0,12000000.0,0.128,1428000000.0,903000000.0,2409000000.0,0.338,4.046,18.31,18.348,3287000000.0,0.0,52.66,1.883,1.883,3989000000.0,15869000000.0,5841000000.0,5841000000.0,0.0,,,,,0.0,1312000000.0,1.0,752408780.0,752408780.0,,7.763,12037000000.0,0.0,254000000.0,96000000.0,15.998,2514000000.0
44,EMR,MRQ,2010-06-30,2010-06-30,2010-06-30,2021-09-07,-792000000.0,22958000000.0,,9958000000.0,13000000000.0,,11.85,-122000000.0,3424000000.0,3424000000.0,3253000000.0,601000000.0,1.372,1.554,6876000000.0,2290000000.0,4586000000.0,6876000000.0,0.0,203000000.0,0.0,0.031,0.335,915000000.0,1118000000.0,0.206,1118000000.0,915000000.0,851000000.0,0.78,0.77,0.78,8925000000.0,,8925000000.0,36596987601.0,13.0,9.862,581000000.0,0.771,1.0,2164000000.0,0.399,7596000000.0,64000000.0,11557000000.0,,2114000000.0,0.0,0.0,0.0,13869000000.0,7257000000.0,6612000000.0,32905987601.0,1265000000.0,-32000000.0,-47000000.0,1027000000.0,-252000000.0,788000000.0,-168000000.0,0.0,703000000.0,-58000000.0,585000000.0,585000000.0,585000000.0,-4000000.0,16000000.0,0.108,1237000000.0,927000000.0,2228000000.0,0.429,3.687,17.13,17.066,3289000000.0,0.0,43.69,1.67,1.67,3793000000.0,15373000000.0,5417000000.0,5417000000.0,0.0,,,,,0.0,1168000000.0,1.0,753169778.0,753169778.0,,7.192,15362000000.0,0.0,266000000.0,123000000.0,20.396,2701000000.0
45,EMR,MRQ,2010-03-31,2010-03-31,2010-03-31,2021-09-07,-558000000.0,21720000000.0,,8508000000.0,13212000000.0,,11.768,-89000000.0,2159000000.0,2159000000.0,2990000000.0,418000000.0,1.418,1.436,5850000000.0,1269000000.0,4581000000.0,5850000000.0,0.0,206000000.0,0.0,0.026,0.335,652000000.0,858000000.0,0.173,858000000.0,652000000.0,585000000.0,0.54,0.53,0.54,8855000000.0,,8855000000.0,41836097761.0,16.0,12.363,543000000.0,0.722,1.0,1963000000.0,0.396,7630000000.0,67000000.0,11782000000.0,,2075000000.0,0.0,0.0,0.0,12715000000.0,5999000000.0,6716000000.0,37878097761.0,319000000.0,-39000000.0,-24000000.0,49000000.0,-253000000.0,-164000000.0,-135000000.0,0.0,632000000.0,-14000000.0,405000000.0,405000000.0,405000000.0,3000000.0,13000000.0,0.082,1295000000.0,668000000.0,2122000000.0,0.62,4.278,21.984,21.887,3367000000.0,0.0,50.34,1.954,1.954,3654000000.0,15040000000.0,4953000000.0,4953000000.0,0.0,,,,,0.0,1203000000.0,1.0,752445327.0,752445327.0,,6.583,14090000000.0,0.0,180000000.0,52000000.0,18.726,2509000000.0
46,EMR,MRQ,2009-12-31,2009-12-31,2009-12-31,2021-09-07,-466000000.0,21489000000.0,,8063000000.0,13426000000.0,,11.688,-89000000.0,1840000000.0,1840000000.0,2960000000.0,437000000.0,1.389,1.428,5798000000.0,1240000000.0,4558000000.0,5798000000.0,0.0,196000000.0,0.0,0.031,0.335,638000000.0,834000000.0,0.173,834000000.0,638000000.0,573000000.0,0.56,0.56,0.56,8791000000.0,,8791000000.0,35056492616.0,14.0,10.604,598000000.0,0.795,1.0,1868000000.0,0.387,7647000000.0,65000000.0,11995000000.0,,1956000000.0,0.0,0.0,0.0,12551000000.0,5805000000.0,6746000000.0,32041492616.0,280000000.0,-1301000000.0,0.0,1222000000.0,-251000000.0,956000000.0,-1352000000.0,0.0,687000000.0,-11000000.0,425000000.0,425000000.0,425000000.0,0.0,12000000.0,0.088,1226000000.0,642000000.0,1991000000.0,0.598,3.645,18.948,18.85,3475000000.0,0.0,42.6,1.642,1.642,3650000000.0,14888000000.0,4828000000.0,4828000000.0,0.0,,,,,0.0,1134000000.0,1.0,752147714.0,752147714.0,,6.419,13842000000.0,0.0,148000000.0,100000000.0,18.403,2258000000.0
47,EMR,MRQ,2009-09-30,2009-09-30,2009-09-30,2021-09-07,-496000000.0,19763000000.0,,7653000000.0,12110000000.0,,11.383,-143000000.0,1560000000.0,1560000000.0,2620000000.0,520000000.0,1.544,1.292,4575000000.0,577000000.0,3998000000.0,4575000000.0,0.0,185000000.0,0.0,0.033,0.33,716000000.0,901000000.0,0.2,901000000.0,716000000.0,653000000.0,0.68,0.67,0.68,8555000000.0,,8555000000.0,34042716178.0,13.0,10.135,1209000000.0,1.609,1.0,1889000000.0,0.419,8222000000.0,63000000.0,9600000000.0,,1855000000.0,0.0,0.0,0.0,11057000000.0,4956000000.0,6101000000.0,30123716178.0,178000000.0,-37000000.0,0.0,-730000000.0,-249000000.0,-1001000000.0,-204000000.0,0.0,1352000000.0,31000000.0,506000000.0,506000000.0,506000000.0,0.0,14000000.0,0.112,1168000000.0,721000000.0,1949000000.0,0.485,3.521,17.473,17.502,3500000000.0,0.0,40.08,1.499,1.499,3623000000.0,14714000000.0,4509000000.0,4509000000.0,0.0,,,,,0.0,1015000000.0,1.0,751589725.0,751589725.0,,5.999,11541000000.0,0.0,147000000.0,52000000.0,15.355,2697000000.0
48,EMR,MRQ,2009-06-30,2009-06-30,2009-06-30,2021-09-07,-133000000.0,20324000000.0,,7718000000.0,12606000000.0,,11.525,-116000000.0,1382000000.0,1382000000.0,3253000000.0,398000000.0,1.546,1.347,5301000000.0,837000000.0,4464000000.0,5301000000.0,0.0,184000000.0,0.0,0.04,0.33,607000000.0,791000000.0,0.155,791000000.0,607000000.0,542000000.0,0.52,0.51,0.52,8660000000.0,,8660000000.0,28257694232.0,10.0,7.716,800000000.0,1.065,1.0,1838000000.0,0.361,6976000000.0,65000000.0,12274000000.0,,2062000000.0,0.0,0.0,0.0,11664000000.0,4993000000.0,6671000000.0,24346694232.0,-125000000.0,-302000000.0,0.0,-334000000.0,-247000000.0,-632000000.0,-437000000.0,0.0,916000000.0,28000000.0,387000000.0,387000000.0,387000000.0,0.0,11000000.0,0.076,1220000000.0,618000000.0,1824000000.0,0.635,2.811,12.774,12.908,3475000000.0,0.0,32.4,1.147,1.147,3720000000.0,14471000000.0,5091000000.0,5091000000.0,0.0,,,,,0.0,1089000000.0,1.0,751441180.0,751441180.0,,6.775,13348000000.0,0.0,155000000.0,24000000.0,17.763,2725000000.0
49,EMR,MRQ,2009-03-31,2009-03-31,2009-03-31,2021-09-07,-430000000.0,19991000000.0,,8132000000.0,11859000000.0,,10.876,-140000000.0,1507000000.0,1507000000.0,3250000000.0,382000000.0,1.367,1.434,5418000000.0,1722000000.0,3696000000.0,5418000000.0,0.0,182000000.0,0.0,0.055,0.33,598000000.0,780000000.0,0.153,780000000.0,598000000.0,549000000.0,0.5,0.49,0.5,8212000000.0,,8212000000.0,25186966205.0,8.0,6.284,359000000.0,0.475,1.0,1837000000.0,0.361,6616000000.0,49000000.0,11339000000.0,,2257000000.0,0.0,0.0,0.0,11779000000.0,5947000000.0,5832000000.0,21578966205.0,-161000000.0,-162000000.0,-285000000.0,164000000.0,-250000000.0,-379000000.0,-253000000.0,0.0,499000000.0,-28000000.0,373000000.0,373000000.0,373000000.0,0.0,9000000.0,0.073,1230000000.0,607000000.0,1871000000.0,0.66,2.628,10.126,10.281,3447000000.0,0.0,28.58,0.95,0.95,3757000000.0,14331000000.0,5087000000.0,5087000000.0,0.0,,,,,0.0,1119000000.0,1.0,755037306.0,755037306.0,,6.737,13375000000.0,0.0,176000000.0,38000000.0,17.714,2185000000.0
50,EMR,MRQ,2008-12-31,2008-12-31,2008-12-31,2021-09-07,-356000000.0,20522000000.0,,8873000000.0,11649000000.0,,10.953,-132000000.0,1668000000.0,1668000000.0,3419000000.0,471000000.0,1.3,1.443,5276000000.0,2042000000.0,3234000000.0,5276000000.0,0.0,176000000.0,0.0,0.042,0.33,711000000.0,887000000.0,0.164,887000000.0,711000000.0,668000000.0,0.6,0.6,0.6,8402000000.0,,8402000000.0,30823187559.0,9.0,7.203,187000000.0,0.244,1.0,1996000000.0,0.369,6556000000.0,43000000.0,10746000000.0,,2470000000.0,0.0,0.0,0.0,12120000000.0,6828000000.0,5292000000.0,28082187559.0,-109000000.0,-271000000.0,-433000000.0,784000000.0,-252000000.0,64000000.0,-415000000.0,0.0,319000000.0,-77000000.0,458000000.0,458000000.0,458000000.0,0.0,13000000.0,0.085,1272000000.0,724000000.0,2171000000.0,0.55,3.342,12.183,12.285,3459000000.0,0.0,36.61,1.188,1.188,4007000000.0,14208000000.0,5415000000.0,5415000000.0,0.0,,,,,0.0,1193000000.0,1.0,767063304.0,767063304.0,,7.059,13966000000.0,0.0,210000000.0,203000000.0,18.207,2045000000.0
51,EMR,MRQ,2008-09-30,2008-09-30,2008-09-30,2021-09-07,141000000.0,21040000000.0,,9331000000.0,11709000000.0,,11.744,-253000000.0,1777000000.0,1777000000.0,3367000000.0,762000000.0,1.42,1.309,4518000000.0,1221000000.0,3297000000.0,4518000000.0,0.0,177000000.0,0.0,0.037,0.3,1027000000.0,1204000000.0,0.213,1204000000.0,1027000000.0,986000000.0,0.89,0.88,0.89,9113000000.0,,9113000000.0,34623714562.0,9.0,7.812,1042000000.0,1.343,1.0,2273000000.0,0.403,6562000000.0,41000000.0,10646000000.0,,2348000000.0,0.0,0.0,0.0,11927000000.0,6573000000.0,5354000000.0,31650714562.0,-280000000.0,52000000.0,-393000000.0,-504000000.0,-232000000.0,-1138000000.0,-341000000.0,0.0,1295000000.0,-96000000.0,688000000.0,688000000.0,688000000.0,-40000000.0,74000000.0,0.122,1178000000.0,1095000000.0,2699000000.0,0.337,3.473,13.122,13.201,3507000000.0,0.0,40.79,1.333,1.333,4618000000.0,14002000000.0,5640000000.0,5640000000.0,0.0,,,,,0.0,1158000000.0,1.0,775942990.0,775942990.0,,7.269,14478000000.0,0.0,298000000.0,173000000.0,18.659,2758000000.0
52,EMR,MRQ,2008-06-30,2008-06-30,2008-06-30,2021-09-07,823000000.0,22196000000.0,,10094000000.0,12102000000.0,,12.493,-155000000.0,2057000000.0,2057000000.0,4155000000.0,612000000.0,1.433,1.276,5030000000.0,1732000000.0,3298000000.0,5030000000.0,0.0,180000000.0,0.0,0.03,0.6,957000000.0,1137000000.0,0.173,1137000000.0,957000000.0,911000000.0,0.79,0.78,0.79,9754000000.0,,9754000000.0,41788975820.0,11.0,9.611,672000000.0,0.861,1.0,2413000000.0,0.367,6713000000.0,46000000.0,11413000000.0,,2562000000.0,0.0,0.0,0.0,12442000000.0,7043000000.0,5399000000.0,38608975820.0,290000000.0,28000000.0,-244000000.0,78000000.0,-235000000.0,-401000000.0,-153000000.0,0.0,827000000.0,17000000.0,612000000.0,612000000.0,612000000.0,35000000.0,0.0,0.093,1421000000.0,992000000.0,2563000000.0,0.759,3.958,16.45,16.483,3458000000.0,0.0,49.45,1.599,1.599,4663000000.0,13546000000.0,6568000000.0,6568000000.0,0.0,,,,,0.0,1321000000.0,1.0,780767964.0,780767964.0,,8.412,15483000000.0,0.0,299000000.0,242000000.0,19.83,3051000000.0
53,EMR,MRQ,2008-03-31,2008-03-31,2008-03-31,2021-09-07,705000000.0,21450000000.0,,9438000000.0,12012000000.0,,12.062,-179000000.0,1767000000.0,1767000000.0,3781000000.0,547000000.0,1.433,1.263,4947000000.0,1609000000.0,3338000000.0,4947000000.0,0.0,179000000.0,0.0,0.022,0.3,872000000.0,1051000000.0,0.174,1051000000.0,872000000.0,821000000.0,0.7,0.69,0.7,9480000000.0,,9480000000.0,43630763436.0,12.0,10.247,569000000.0,0.724,1.0,2242000000.0,0.372,6658000000.0,51000000.0,11384000000.0,,2532000000.0,0.0,0.0,0.0,11970000000.0,6588000000.0,5382000000.0,40443763436.0,61000000.0,-63000000.0,-289000000.0,36000000.0,-236000000.0,-473000000.0,-257000000.0,0.0,748000000.0,43000000.0,547000000.0,547000000.0,547000000.0,51000000.0,0.0,0.091,1319000000.0,923000000.0,2403000000.0,0.429,4.266,17.516,17.563,3413000000.0,0.0,51.46,1.733,1.733,4377000000.0,13169000000.0,6023000000.0,6023000000.0,0.0,,,,,0.0,1252000000.0,1.0,785926223.0,785926223.0,,7.664,14792000000.0,0.0,274000000.0,234000000.0,18.821,2850000000.0
54,EMR,MRQ,2007-12-31,2007-12-31,2007-12-31,2021-09-07,444000000.0,20854000000.0,,8994000000.0,11860000000.0,,11.654,-127000000.0,1706000000.0,1706000000.0,3510000000.0,565000000.0,1.404,1.273,4893000000.0,1696000000.0,3197000000.0,4893000000.0,0.0,171000000.0,0.0,0.019,0.3,869000000.0,1040000000.0,0.188,1040000000.0,869000000.0,819000000.0,0.72,0.71,0.72,9174000000.0,,9174000000.0,47372375649.0,14.0,11.371,296000000.0,0.376,1.0,2010000000.0,0.364,6595000000.0,50000000.0,11038000000.0,,2480000000.0,0.0,0.0,0.0,11680000000.0,6408000000.0,5272000000.0,44604375649.0,698000000.0,-377000000.0,-194000000.0,1050000000.0,-237000000.0,558000000.0,-321000000.0,0.0,423000000.0,38000000.0,565000000.0,565000000.0,565000000.0,-46000000.0,0.0,0.102,1187000000.0,823000000.0,2329000000.0,0.417,4.862,19.771,19.881,3435000000.0,0.0,56.66,1.964,1.964,4296000000.0,12858000000.0,5520000000.0,5520000000.0,0.0,,,,,0.0,1184000000.0,1.0,787228656.0,787228656.0,,7.012,14259000000.0,0.0,254000000.0,232000000.0,18.113,2586000000.0
55,EMR,MRQ,2007-09-30,2007-09-30,2007-09-30,2021-09-07,382000000.0,19680000000.0,,8065000000.0,11615000000.0,,11.075,-261000000.0,1008000000.0,1008000000.0,3780000000.0,623000000.0,1.454,1.244,3776000000.0,404000000.0,3372000000.0,3776000000.0,0.0,165000000.0,0.0,0.02,0.263,955000000.0,1120000000.0,0.186,1120000000.0,955000000.0,905000000.0,0.79,0.78,0.79,8772000000.0,,8772000000.0,45397499132.0,14.0,11.395,981000000.0,1.239,1.0,2248000000.0,0.373,6412000000.0,50000000.0,10490000000.0,,2227000000.0,0.0,0.0,0.0,10908000000.0,5546000000.0,5362000000.0,42151499132.0,-323000000.0,-108000000.0,-225000000.0,-811000000.0,-208000000.0,-1246000000.0,-335000000.0,0.0,1242000000.0,16000000.0,623000000.0,623000000.0,623000000.0,-2000000.0,0.0,0.103,1295000000.0,953000000.0,2501000000.0,0.333,4.805,19.734,19.784,3431000000.0,0.0,53.22,1.905,1.905,4260000000.0,12536000000.0,6028000000.0,6028000000.0,0.0,,,,,0.0,1235000000.0,1.0,792023659.0,792023659.0,,7.611,13268000000.0,0.0,282000000.0,304000000.0,16.752,2519000000.0
56,EMR,MRQ,2007-06-30,2007-06-30,2007-06-30,2021-09-07,518000000.0,20075000000.0,,8371000000.0,11704000000.0,,10.944,-144000000.0,1331000000.0,1331000000.0,3677000000.0,574000000.0,1.473,1.307,4577000000.0,954000000.0,3623000000.0,4577000000.0,0.0,163000000.0,0.0,0.022,0.263,884000000.0,1047000000.0,0.181,1047000000.0,884000000.0,823000000.0,0.72,0.72,0.72,8703000000.0,,8703000000.0,40848307838.0,13.0,10.627,755000000.0,0.949,1.0,2095000000.0,0.363,6289000000.0,61000000.0,11350000000.0,,2309000000.0,0.0,0.0,0.0,11372000000.0,5682000000.0,5690000000.0,37218307838.0,237000000.0,-15000000.0,-150000000.0,-141000000.0,-208000000.0,-498000000.0,-173000000.0,0.0,899000000.0,9000000.0,574000000.0,574000000.0,574000000.0,-1000000.0,0.0,0.099,1212000000.0,883000000.0,2247000000.0,0.365,4.276,18.253,18.353,3279000000.0,0.0,46.8,1.745,1.745,4083000000.0,12121000000.0,5772000000.0,5772000000.0,0.0,,,,,0.0,1154000000.0,1.0,795262988.0,795262988.0,,7.258,13786000000.0,0.0,249000000.0,283000000.0,17.335,2689000000.0
57,EMR,MRQ,2007-03-31,2007-03-31,2007-03-31,2021-09-07,403000000.0,19532000000.0,,7989000000.0,11543000000.0,,10.46,-155000000.0,1094000000.0,1094000000.0,3455000000.0,494000000.0,1.381,1.34,4724000000.0,1349000000.0,3375000000.0,4724000000.0,0.0,167000000.0,0.0,0.023,0.263,792000000.0,959000000.0,0.178,959000000.0,792000000.0,734000000.0,0.62,0.61,0.62,8346000000.0,,8346000000.0,37833196745.0,12.0,10.165,393000000.0,0.493,1.0,1939000000.0,0.359,6240000000.0,58000000.0,11136000000.0,,2388000000.0,0.0,0.0,0.0,11186000000.0,5786000000.0,5400000000.0,34381196745.0,4000000.0,-172000000.0,-195000000.0,126000000.0,-210000000.0,-267000000.0,-284000000.0,0.0,548000000.0,7000000.0,494000000.0,494000000.0,494000000.0,-1000000.0,0.0,0.092,1148000000.0,791000000.0,2137000000.0,0.424,4.119,17.622,17.806,3259000000.0,0.0,43.09,1.655,1.655,3888000000.0,11755000000.0,5394000000.0,5394000000.0,0.0,,,,,0.0,1109000000.0,1.0,797892707.0,797892707.0,,6.76,13292000000.0,0.0,240000000.0,284000000.0,16.659,2203000000.0
58,EMR,MRQ,2006-12-31,2006-12-31,2006-12-31,2021-09-07,376000000.0,19103000000.0,,7746000000.0,11357000000.0,,10.227,-121000000.0,1090000000.0,1090000000.0,3256000000.0,445000000.0,1.402,1.328,4542000000.0,1167000000.0,3375000000.0,4542000000.0,0.0,161000000.0,0.0,0.021,0.263,698000000.0,859000000.0,0.17,859000000.0,698000000.0,640000000.0,0.56,0.55,0.56,8206000000.0,,8206000000.0,38592439510.0,13.0,10.747,206000000.0,0.257,1.0,1795000000.0,0.355,6077000000.0,58000000.0,10952000000.0,,2410000000.0,0.0,0.0,0.0,10897000000.0,5526000000.0,5371000000.0,35376439510.0,280000000.0,0.0,-283000000.0,517000000.0,-211000000.0,17000000.0,-78000000.0,0.0,327000000.0,14000000.0,445000000.0,445000000.0,445000000.0,0.0,0.0,0.088,1097000000.0,698000000.0,2086000000.0,0.47,4.311,18.708,18.923,3220000000.0,0.0,44.09,1.748,1.748,3673000000.0,11471000000.0,5051000000.0,5051000000.0,0.0,,,,,0.0,1078000000.0,1.0,802368780.0,802368780.0,,6.295,13026000000.0,0.0,195000000.0,322000000.0,16.234,2220000000.0
59,EMR,MRQ,2006-09-30,2006-09-30,2006-09-30,2021-09-07,306000000.0,18672000000.0,,7330000000.0,11342000000.0,,10.0,-247000000.0,810000000.0,810000000.0,3171000000.0,526000000.0,1.364,1.29,4026000000.0,898000000.0,3128000000.0,4026000000.0,0.0,153000000.0,0.0,0.021,0.223,826000000.0,979000000.0,0.191,979000000.0,826000000.0,770000000.0,0.65,0.65,0.65,8154000000.0,,8154000000.0,37610432348.0,13.0,10.767,777000000.0,0.953,1.0,1946000000.0,0.38,6013000000.0,56000000.0,10501000000.0,,2222000000.0,0.0,0.0,0.0,10518000000.0,5374000000.0,5144000000.0,34189432348.0,115000000.0,-44000000.0,-451000000.0,-88000000.0,-180000000.0,-725000000.0,-182000000.0,0.0,1024000000.0,-2000000.0,526000000.0,526000000.0,526000000.0,-6000000.0,0.0,0.103,1126000000.0,820000000.0,2305000000.0,0.343,4.193,18.531,18.553,3220000000.0,0.0,41.93,1.733,1.733,3716000000.0,11314000000.0,5117000000.0,5117000000.0,0.0,,,,,0.0,1084000000.0,1.0,815393092.0,815393092.0,,6.276,12659000000.0,0.0,244000000.0,238000000.0,15.525,1956000000.0
60,EMR,MRQ,2006-06-30,2006-06-30,2006-06-30,2021-09-07,158000000.0,18384000000.0,,7167000000.0,11217000000.0,,9.862,-140000000.0,695000000.0,695000000.0,3361000000.0,486000000.0,1.376,1.271,4116000000.0,984000000.0,3132000000.0,4116000000.0,0.0,160000000.0,0.0,0.021,0.223,765000000.0,925000000.0,0.177,925000000.0,765000000.0,714000000.0,0.59,0.59,0.59,8096000000.0,,8096000000.0,37340926323.0,14.0,11.227,480000000.0,0.585,1.0,1856000000.0,0.356,6005000000.0,51000000.0,10590000000.0,,2212000000.0,0.0,0.0,0.0,10288000000.0,5210000000.0,5078000000.0,34400926323.0,91000000.0,-439000000.0,-300000000.0,480000000.0,-183000000.0,20000000.0,-564000000.0,0.0,620000000.0,15000000.0,486000000.0,486000000.0,486000000.0,0.0,0.0,0.093,1091000000.0,765000000.0,2031000000.0,0.378,4.249,19.793,19.813,3076000000.0,0.0,41.905,1.786,1.786,3668000000.0,10968000000.0,5217000000.0,5217000000.0,0.0,,,,,0.0,1037000000.0,1.0,820926532.0,820926532.0,,6.355,12379000000.0,0.0,228000000.0,303000000.0,15.079,1957000000.0
61,EMR,MRQ,2006-03-31,2006-03-31,2006-03-31,2021-09-07,30000000.0,17209000000.0,,6631000000.0,10578000000.0,,9.658,-113000000.0,604000000.0,604000000.0,3118000000.0,434000000.0,1.555,1.165,3544000000.0,412000000.0,3132000000.0,3544000000.0,0.0,153000000.0,0.0,0.021,0.223,675000000.0,828000000.0,0.171,828000000.0,675000000.0,625000000.0,0.53,0.52,0.53,7947000000.0,,7947000000.0,37363139604.0,14.0,11.694,436000000.0,0.53,1.0,1734000000.0,0.357,5636000000.0,50000000.0,10250000000.0,,2063000000.0,0.0,0.0,0.0,9262000000.0,4263000000.0,4999000000.0,34406139604.0,-20000000.0,-212000000.0,-70000000.0,-47000000.0,-184000000.0,-269000000.0,-307000000.0,0.0,549000000.0,7000000.0,434000000.0,434000000.0,434000000.0,0.0,0.0,0.089,1059000000.0,675000000.0,1867000000.0,0.421,4.329,21.37,21.389,2990000000.0,0.0,41.815,1.859,1.859,3404000000.0,10665000000.0,4852000000.0,4852000000.0,0.0,,,,,0.0,1005000000.0,1.0,822818118.0,822818118.0,,5.897,11573000000.0,0.0,191000000.0,279000000.0,14.065,2368000000.0
62,EMR,MRQ,2005-12-31,2005-12-31,2005-12-31,2021-09-07,-85000000.0,16626000000.0,,6289000000.0,10337000000.0,,9.271,-101000000.0,624000000.0,624000000.0,2955000000.0,399000000.0,1.534,1.183,3581000000.0,453000000.0,3128000000.0,3581000000.0,0.0,141000000.0,0.0,0.023,0.223,620000000.0,761000000.0,0.167,761000000.0,620000000.0,570000000.0,0.49,0.48,0.49,7617000000.0,,7617000000.0,33552903956.0,13.0,10.979,218000000.0,0.265,1.0,1593000000.0,0.35,5477000000.0,50000000.0,10007000000.0,,1942000000.0,0.0,0.0,0.0,9009000000.0,4099000000.0,4910000000.0,30687903956.0,-609000000.0,-57000000.0,-41000000.0,-516000000.0,-183000000.0,-757000000.0,-163000000.0,0.0,319000000.0,-8000000.0,399000000.0,399000000.0,399000000.0,0.0,0.0,0.088,973000000.0,620000000.0,1738000000.0,0.455,4.029,20.136,20.244,2969000000.0,0.0,37.35,1.716,1.716,3222000000.0,10415000000.0,4548000000.0,4548000000.0,0.0,,,,,0.0,950000000.0,1.0,821630628.0,821630628.0,,5.535,11149000000.0,0.0,171000000.0,260000000.0,13.569,2190000000.0
63,EMR,MRQ,2005-09-30,2005-09-30,2005-09-30,2021-09-07,-65000000.0,17227000000.0,,6837000000.0,10390000000.0,,8.957,-168000000.0,1233000000.0,1233000000.0,2974000000.0,419000000.0,1.387,1.328,4098000000.0,970000000.0,3128000000.0,4098000000.0,0.0,142000000.0,0.0,0.023,0.207,670000000.0,812000000.0,0.175,812000000.0,670000000.0,619000000.0,0.505,0.505,0.505,7400000000.0,,7400000000.0,32597045305.0,14.0,11.163,711000000.0,0.861,1.0,1669000000.0,0.359,5479000000.0,51000000.0,9682000000.0,,1813000000.0,0.0,0.0,0.0,9827000000.0,4931000000.0,4896000000.0,29660045305.0,-331000000.0,-174000000.0,-199000000.0,-509000000.0,-172000000.0,-875000000.0,-333000000.0,0.0,879000000.0,-2000000.0,419000000.0,419000000.0,419000000.0,0.0,0.0,0.09,999000000.0,670000000.0,1841000000.0,0.41,4.008,20.858,20.994,3003000000.0,0.0,35.9,1.714,1.714,3256000000.0,10199000000.0,4643000000.0,4643000000.0,0.0,,,,,0.0,923000000.0,1.0,826185106.0,826185106.0,,5.62,11748000000.0,0.0,200000000.0,281000000.0,14.22,1906000000.0
64,EMR,MRQ,2005-06-30,2005-06-30,2005-06-30,2021-09-07,-69000000.0,17144000000.0,,7022000000.0,10122000000.0,,8.781,-118000000.0,1564000000.0,1564000000.0,2865000000.0,358000000.0,1.343,1.343,4501000000.0,1622000000.0,2879000000.0,4501000000.0,0.0,144000000.0,0.0,0.026,0.207,650000000.0,794000000.0,0.178,794000000.0,650000000.0,598000000.0,0.43,0.43,0.43,7318000000.0,,7318000000.0,28941817911.0,13.0,10.209,488000000.0,0.586,1.0,1600000000.0,0.358,5334000000.0,52000000.0,9520000000.0,,1839000000.0,0.0,0.0,0.0,9826000000.0,5227000000.0,4599000000.0,26097817911.0,-42000000.0,-95000000.0,-242000000.0,57000000.0,-173000000.0,-363000000.0,-218000000.0,0.0,606000000.0,-67000000.0,358000000.0,358000000.0,358000000.0,0.0,0.0,0.08,950000000.0,650000000.0,1610000000.0,0.481,3.566,19.232,19.212,2929000000.0,0.0,31.315,1.555,1.555,3138000000.0,9952000000.0,4465000000.0,4465000000.0,0.0,,,,,0.0,907000000.0,1.0,833396708.0,833396708.0,,5.358,11810000000.0,0.0,240000000.0,244000000.0,14.171,1795000000.0
65,EMR,MRQ,2005-03-31,2005-03-31,2005-03-31,2021-09-07,175000000.0,17263000000.0,,7146000000.0,10117000000.0,,9.075,-140000000.0,1606000000.0,1606000000.0,2725000000.0,348000000.0,1.399,1.268,4450000000.0,1569000000.0,2881000000.0,4450000000.0,0.0,139000000.0,0.0,0.025,0.207,550000000.0,689000000.0,0.163,689000000.0,550000000.0,498000000.0,0.42,0.415,0.42,7611000000.0,,7611000000.0,29907681348.0,14.0,10.955,301000000.0,0.359,1.0,1502000000.0,0.355,5406000000.0,52000000.0,9594000000.0,,1907000000.0,0.0,0.0,0.0,9652000000.0,5107000000.0,4545000000.0,27226681348.0,121000000.0,-69000000.0,-201000000.0,272000000.0,-174000000.0,-97000000.0,-222000000.0,0.0,441000000.0,-1000000.0,348000000.0,348000000.0,348000000.0,0.0,0.0,0.082,952000000.0,550000000.0,1653000000.0,0.493,3.577,20.318,20.227,2976000000.0,0.0,32.465,1.665,1.665,3155000000.0,9767000000.0,4227000000.0,4227000000.0,0.0,,,,,0.0,893000000.0,1.0,838647200.0,838647200.0,,5.04,11857000000.0,0.0,150000000.0,149000000.0,14.138,2039000000.0
66,EMR,MRQ,2004-12-31,2004-12-31,2004-12-31,2021-09-07,205000000.0,16956000000.0,,6841000000.0,10115000000.0,,9.123,-92000000.0,1485000000.0,1485000000.0,2558000000.0,297000000.0,1.441,1.215,4166000000.0,1280000000.0,2886000000.0,4166000000.0,0.0,137000000.0,0.0,0.023,0.207,488000000.0,625000000.0,0.157,625000000.0,488000000.0,434000000.0,0.355,0.35,0.355,7655000000.0,,7655000000.0,32103449368.0,15.0,11.895,169000000.0,0.201,1.0,1412000000.0,0.356,5379000000.0,54000000.0,9509000000.0,,1861000000.0,0.0,0.0,0.0,9301000000.0,4749000000.0,4552000000.0,29411449368.0,139000000.0,-28000000.0,-26000000.0,126000000.0,-175000000.0,-66000000.0,-123000000.0,0.0,261000000.0,67000000.0,297000000.0,297000000.0,297000000.0,0.0,0.0,0.075,924000000.0,488000000.0,1520000000.0,0.583,3.842,22.451,22.396,2955000000.0,0.0,35.05,1.84,1.84,3027000000.0,9593000000.0,3970000000.0,3970000000.0,0.0,,,,,0.0,872000000.0,1.0,839128370.0,839128370.0,,4.731,11577000000.0,0.0,137000000.0,201000000.0,13.796,2092000000.0
67,EMR,MRQ,2004-09-30,2004-09-30,2004-09-30,2021-09-07,-88000000.0,16361000000.0,,6416000000.0,9945000000.0,,8.614,-170000000.0,1346000000.0,1346000000.0,2631000000.0,354000000.0,1.479,1.26,4038000000.0,902000000.0,3136000000.0,4038000000.0,0.0,147000000.0,0.0,0.026,0.2,580000000.0,727000000.0,0.176,727000000.0,580000000.0,530000000.0,0.425,0.42,0.425,7238000000.0,,7238000000.0,28643595869.0,14.0,10.937,556000000.0,0.662,1.0,1489000000.0,0.361,5259000000.0,50000000.0,9455000000.0,,1705000000.0,0.0,0.0,0.0,9123000000.0,4339000000.0,4784000000.0,26002595869.0,-40000000.0,-396000000.0,-68000000.0,-4000000.0,-169000000.0,-242000000.0,-542000000.0,0.0,726000000.0,18000000.0,354000000.0,354000000.0,354000000.0,0.0,0.0,0.086,909000000.0,580000000.0,1629000000.0,0.471,3.593,20.686,20.63,2937000000.0,0.0,30.945,1.665,1.665,2932000000.0,9471000000.0,4120000000.0,4120000000.0,0.0,,,,,0.0,860000000.0,1.0,840284242.0,840284242.0,,4.903,11102000000.0,0.0,176000000.0,113000000.0,13.212,2077000000.0
68,EMR,MRQ,2004-06-30,2004-06-30,2004-06-30,2021-09-07,-177000000.0,15937000000.0,,6343000000.0,9594000000.0,,8.32,-83000000.0,1386000000.0,1386000000.0,2597000000.0,341000000.0,1.542,1.276,4027000000.0,878000000.0,3149000000.0,4027000000.0,0.0,140000000.0,0.0,0.025,0.2,549000000.0,689000000.0,0.171,689000000.0,549000000.0,499000000.0,0.405,0.405,0.405,7002000000.0,,7002000000.0,30169841462.0,16.0,12.155,672000000.0,0.798,1.0,1439000000.0,0.357,5024000000.0,50000000.0,9441000000.0,,1608000000.0,0.0,0.0,0.0,8935000000.0,4113000000.0,4822000000.0,26741841462.0,221000000.0,-18000000.0,-102000000.0,-215000000.0,-169000000.0,-486000000.0,-32000000.0,0.0,755000000.0,-16000000.0,341000000.0,341000000.0,341000000.0,0.0,0.0,0.084,890000000.0,549000000.0,1387000000.0,0.494,3.819,22.682,22.616,2844000000.0,0.0,31.775,1.761,1.761,2874000000.0,9286000000.0,4036000000.0,4036000000.0,0.0,,,,,0.0,824000000.0,1.0,841600046.0,841600046.0,,4.796,10913000000.0,0.0,158000000.0,186000000.0,12.967,2230000000.0
69,EMR,MRQ,2004-03-31,2004-03-31,2004-03-31,2021-09-07,,,,,,,,-80000000.0,,,2503000000.0,318000000.0,,,,,,,,139000000.0,,0.026,0.2,519000000.0,658000000.0,0.171,658000000.0,519000000.0,466000000.0,0.38,0.375,0.38,,,,28642337378.0,15.0,,371000000.0,0.441,1.0,1356000000.0,0.351,,53000000.0,,,,,,,,,,25214337378.0,156000000.0,0.0,10000000.0,-98000000.0,-168000000.0,-256000000.0,-48000000.0,0.0,451000000.0,9000000.0,318000000.0,318000000.0,318000000.0,0.0,0.0,0.082,837000000.0,519000000.0,,0.526,,21.047,20.951,,0.0,29.96,1.712,1.712,,,3859000000.0,3859000000.0,0.0,,,,,0.0,807000000.0,1.0,841600046.0,841600046.0,,4.585,,,148000000.0,,,
70,EMR,MRQ,2003-12-31,2003-12-31,2003-12-31,2021-09-07,,,,,,,,-67000000.0,,,2318000000.0,244000000.0,,,,,,,,131000000.0,,0.024,0.2,414000000.0,545000000.0,0.151,545000000.0,414000000.0,357000000.0,0.29,0.29,0.29,,,,30674801489.0,,,217000000.0,0.258,1.0,1282000000.0,0.356,,57000000.0,,,,,,,,,,27246801489.0,313000000.0,0.0,11000000.0,224000000.0,-169000000.0,66000000.0,-66000000.0,0.0,284000000.0,29000000.0,244000000.0,244000000.0,244000000.0,0.0,0.0,0.068,868000000.0,414000000.0,,0.69,,,,,0.0,32.375,,,,,3600000000.0,3600000000.0,0.0,,,,,0.0,790000000.0,1.0,841600046.0,841600046.0,,4.278,,,113000000.0,,,
71,EMR,MRQ,2003-09-30,2003-09-30,2003-09-30,2021-09-07,-386000000.0,15194000000.0,,5500000000.0,9694000000.0,,7.675,-124000000.0,696000000.0,696000000.0,2400000000.0,276000000.0,1.61,1.352,4124000000.0,391000000.0,3733000000.0,4124000000.0,0.0,128000000.0,0.0,0.03,0.196,462000000.0,590000000.0,0.16,590000000.0,462000000.0,406000000.0,0.33,0.33,0.33,6460000000.0,,6460000000.0,26326673525.0,15.0,11.675,716000000.0,0.851,1.0,1294000000.0,0.35,4942000000.0,56000000.0,10263000000.0,,1558000000.0,0.0,0.0,0.0,8734000000.0,3417000000.0,5317000000.0,22157673525.0,-13000000.0,-45000000.0,4000000.0,-563000000.0,-165000000.0,-724000000.0,-130000000.0,0.0,840000000.0,1000000.0,276000000.0,276000000.0,276000000.0,0.0,0.0,0.075,832000000.0,462000000.0,1397000000.0,0.594,3.43,20.347,20.25,2962000000.0,0.0,26.325,1.587,1.587,2650000000.0,8889000000.0,3694000000.0,3694000000.0,0.0,,,,,0.0,753000000.0,1.0,841697000.0,841697000.0,,4.389,10252000000.0,0.0,130000000.0,116000000.0,12.18,2083000000.0
72,EMR,MRQ,2003-06-30,2003-06-30,2003-06-30,2021-09-07,,,,,,,,,,,2323000000.0,360000000.0,,,,,,,,,,0.031,0.196,471000000.0,,,,471000000.0,411000000.0,0.43,0.425,0.43,,,,25674358350.0,,,,,1.0,1250000000.0,0.35,,60000000.0,,,,,,,,,,21505358350.0,,,,,,,,,,,360000000.0,360000000.0,360000000.0,-82000000.0,0.0,0.101,861000000.0,389000000.0,,0.456,,,,,0.0,25.55,,,,,3573000000.0,3573000000.0,0.0,,,,,,734000000.0,1.0,841697000.0,841697000.0,,4.245,,,51000000.0,,,
73,EMR,MRQ,2002-09-30,2002-09-30,2002-09-30,2021-09-07,-647000000.0,14545000000.0,,4961000000.0,9584000000.0,,6.824,,381000000.0,381000000.0,,,1.127,1.534,4550000000.0,1560000000.0,2990000000.0,4550000000.0,0.0,,0.0,0.035,0.194,,,,,,,,,,5741000000.0,,5741000000.0,22830186704.0,26.0,16.192,,,1.0,,,4910000000.0,,9404000000.0,,1624000000.0,0.0,0.0,0.0,8804000000.0,4400000000.0,4404000000.0,18482786704.0,,,,,,,,,,,,,,,,,,,1268000000.0,,3.219,151.498,151.517,3116000000.0,,21.97,1.344,1.344,2513000000.0,8461000000.0,,,,,,,,,,1.0,841273860.0,841273860.0,,,9635000000.0,0.0,,124000000.0,11.453,561000000.0
74,EMR,MRQ,2001-09-30,2001-09-30,2001-09-30,2021-09-07,-741000000.0,15046000000.0,,5320000000.0,9726000000.0,,7.135,,356000000.0,356000000.0,,,0.989,1.461,4703000000.0,2447000000.0,2256000000.0,4703000000.0,0.0,,0.0,0.033,0.191,,,,,,,,,,6114000000.0,,6114000000.0,24559957850.0,13.0,9.479,,,1.0,,,5182000000.0,,8832000000.0,,1897000000.0,0.0,0.0,0.0,8932000000.0,5379000000.0,3553000000.0,20162957850.0,,,,,,,,,,,,,,,,,,,1127000000.0,,3.298,19.538,19.366,3288000000.0,,23.53,1.317,1.317,2551000000.0,8991000000.0,,,,,,,,,,1.0,856904286.0,856904286.0,,,9864000000.0,0.0,,185000000.0,11.511,-59000000.0
75,EMR,MRQ,2001-03-31,2001-03-31,2001-03-31,2021-09-07,-661800000.0,15737300000.0,,5949300000.0,9788000000.0,,7.785,-140900000.0,403600000.0,403600000.0,2652500000.0,358700000.0,1.08,1.356,4800600000.0,2521400000.0,2279200000.0,4800600000.0,0.0,180800000.0,0.0,0.024,0.191,624700000.0,805500000.0,0.196,805500000.0,624700000.0,545400000.0,0.42,0.415,0.42,6680500000.0,,6680500000.0,30966325552.0,12.0,9.556,255500000.0,0.298,1.0,1450800000.0,0.354,5325400000.0,79300000.0,9300600000.0,,2211800000.0,0.0,0.0,0.0,9056800000.0,5508300000.0,3548500000.0,26600225552.0,43900000.0,-93600000.0,-40300000.0,81600000.0,-164100000.0,-122800000.0,-234500000.0,0.0,396400000.0,4800000.0,358700000.0,358700000.0,358700000.0,0.0,0.0,0.087,826100000.0,624700000.0,1263900000.0,0.455,3.982,18.214,18.076,3302600000.0,0.0,31.0,1.649,1.649,2879500000.0,9000900000.0,4103300000.0,4103300000.0,0.0,,,,,0.0,790000000.0,1.0,858071792.0,858071792.0,,4.782,10411900000.0,0.0,186700000.0,260400000.0,12.134,441000000.0
76,EMR,MRQ,2000-12-31,2000-12-31,2000-12-31,2021-09-07,-623500000.0,15513900000.0,,5785700000.0,9728200000.0,,7.655,-150300000.0,359700000.0,359700000.0,2531500000.0,357400000.0,1.071,1.363,4725800000.0,2447100000.0,2278700000.0,4725800000.0,0.0,171400000.0,0.0,0.018,0.191,627700000.0,799100000.0,0.204,799100000.0,627700000.0,544100000.0,0.42,0.415,0.42,6564400000.0,,6564400000.0,38110019162.0,15.0,11.855,126800000.0,0.148,1.0,1388000000.0,0.354,5300200000.0,83600000.0,9178400000.0,,2217600000.0,0.0,0.0,0.0,8949500000.0,5401400000.0,3548100000.0,33790419162.0,78900000.0,-3100000.0,3100000.0,119600000.0,-164000000.0,-41300000.0,-153400000.0,0.0,277100000.0,-3500000.0,357400000.0,357400000.0,357400000.0,0.0,0.0,0.091,760300000.0,627700000.0,1185200000.0,0.455,5.148,23.232,23.044,3263200000.0,0.0,39.405,2.122,2.122,2742900000.0,8806200000.0,3919500000.0,3919500000.0,0.0,,,,,0.0,774000000.0,1.0,857516030.0,857516030.0,,4.571,10213700000.0,0.0,186700000.0,371500000.0,11.911,384300000.0
77,EMR,MRQ,2000-09-30,2000-09-30,2000-09-30,2021-09-07,-578600000.0,15164300000.0,,5482700000.0,9681600000.0,,7.495,-236400000.0,280800000.0,280800000.0,2607800000.0,370600000.0,1.051,1.368,4600400000.0,2352700000.0,2247700000.0,4600400000.0,0.0,171500000.0,0.0,0.021,0.179,636100000.0,807600000.0,0.199,807600000.0,636100000.0,569300000.0,0.435,0.43,0.435,6402800000.0,,6402800000.0,33323749279.0,14.0,10.657,457600000.0,0.536,1.0,1457400000.0,0.359,5320000000.0,66800000.0,8945100000.0,,2052700000.0,0.0,0.0,0.0,8761500000.0,5218800000.0,3542700000.0,28619749279.0,-121400000.0,43300000.0,8100000.0,-461100000.0,-152500000.0,-605500000.0,-193100000.0,0.0,694000000.0,-16800000.0,370600000.0,370600000.0,370600000.0,0.0,0.0,0.091,821300000.0,636100000.0,1210600000.0,0.411,4.47,20.126,20.12,3243400000.0,0.0,33.5,1.841,1.841,2705600000.0,8612900000.0,4065200000.0,4065200000.0,0.0,,,,,0.0,775500000.0,1.0,854320874.0,854320874.0,,4.758,9844300000.0,0.0,198700000.0,264900000.0,11.523,263900000.0
78,EMR,MRQ,2000-06-30,2000-06-30,2000-06-30,2021-09-07,-470500000.0,15314200000.0,,5664200000.0,9650000000.0,,7.359,-158200000.0,402500000.0,402500000.0,2605100000.0,373700000.0,0.942,1.438,5106500000.0,3353600000.0,1752900000.0,5106500000.0,0.0,170900000.0,0.0,0.023,0.179,657300000.0,828200000.0,0.205,828200000.0,657300000.0,574100000.0,0.44,0.435,0.44,6280200000.0,,6280200000.0,30218402661.0,13.0,9.951,298200000.0,0.349,1.0,1436700000.0,0.355,5410400000.0,83200000.0,8592500000.0,,2011400000.0,0.0,0.0,0.0,9034000000.0,6015300000.0,3018700000.0,25765102661.0,29100000.0,-712500000.0,7700000.0,598200000.0,-152600000.0,453300000.0,-870700000.0,0.0,456400000.0,-9900000.0,373700000.0,373700000.0,373700000.0,0.0,0.0,0.092,779400000.0,657300000.0,1028500000.0,0.407,4.103,18.515,18.578,3140600000.0,0.0,30.19,1.706,1.706,2803700000.0,8394700000.0,4041800000.0,4041800000.0,0.0,,,,,0.0,767300000.0,1.0,853431688.0,853431688.0,,4.736,9903800000.0,0.0,200400000.0,294300000.0,11.605,-351100000.0
79,EMR,MRQ,2000-03-31,2000-03-31,2000-03-31,2021-09-07,-384900000.0,14942600000.0,,5480700000.0,9461900000.0,,7.11,-171800000.0,373400000.0,373400000.0,2514300000.0,352800000.0,0.935,1.438,4826700000.0,3382200000.0,1444500000.0,4826700000.0,0.0,172100000.0,0.0,0.026,0.179,607600000.0,779700000.0,0.2,779700000.0,607600000.0,538600000.0,0.415,0.41,0.415,6130000000.0,,6130000000.0,26029323173.0,11.0,8.806,214600000.0,0.249,1.0,1380400000.0,0.354,5090600000.0,69000000.0,8443000000.0,,2023600000.0,0.0,0.0,0.0,8812600000.0,5862300000.0,2950300000.0,22902723173.0,33900000.0,-1129200000.0,-232500000.0,1335000000.0,-153400000.0,949100000.0,-1299100000.0,0.0,386400000.0,-2500000.0,352800000.0,352800000.0,352800000.0,0.0,0.0,0.091,772800000.0,607600000.0,1001100000.0,0.431,3.736,16.803,16.76,3237200000.0,0.0,26.565,1.559,1.559,2647300000.0,8173500000.0,3894700000.0,3894700000.0,0.0,,,,,0.0,743300000.0,1.0,862139024.0,862139024.0,,4.517,9852000000.0,0.0,185800000.0,245800000.0,11.427,-381600000.0
80,EMR,MRQ,1999-12-31,1999-12-31,1999-12-31,2021-09-07,-314000000.0,13629200000.0,,5201800000.0,8427400000.0,,7.156,-125600000.0,339500000.0,339500000.0,2288800000.0,324900000.0,1.153,1.202,3466100000.0,2065300000.0,1400800000.0,3466100000.0,0.0,163500000.0,0.0,0.023,0.179,548000000.0,711500000.0,0.201,711500000.0,548000000.0,496000000.0,0.375,0.375,0.375,6188800000.0,,6188800000.0,27817526629.0,12.0,9.144,177600000.0,0.205,1.0,1254500000.0,0.354,4208300000.0,52000000.0,8037800000.0,,1953100000.0,0.0,0.0,0.0,7440400000.0,4509700000.0,2930700000.0,24812826629.0,73400000.0,-6500000.0,-159300000.0,221900000.0,-154500000.0,-91900000.0,-132100000.0,0.0,303200000.0,-5800000.0,324900000.0,324900000.0,324900000.0,0.0,0.0,0.092,706500000.0,548000000.0,890400000.0,0.477,4.009,18.571,18.57,3142800000.0,0.0,28.69,1.725,1.725,2487600000.0,7974100000.0,3543300000.0,3543300000.0,0.0,,,,,0.0,701900000.0,1.0,864859764.0,864859764.0,,4.097,9420900000.0,0.0,171100000.0,362400000.0,10.893,692100000.0
81,EMR,MRQ,1999-09-30,1999-09-30,1999-09-30,2021-09-07,-271600000.0,13623500000.0,,5124400000.0,8499100000.0,,7.112,-182600000.0,266100000.0,266100000.0,2332400000.0,340200000.0,1.116,1.204,3270800000.0,1953700000.0,1317100000.0,3270800000.0,0.0,156300000.0,0.0,0.021,0.163,561100000.0,717400000.0,0.198,717400000.0,561100000.0,510000000.0,0.395,0.39,0.395,6180500000.0,,6180500000.0,30758807972.0,14.0,10.8,509200000.0,0.586,1.0,1287700000.0,0.356,4263000000.0,51100000.0,7774800000.0,,1921100000.0,0.0,0.0,0.0,7443000000.0,4590400000.0,2852600000.0,27456807972.0,-66700000.0,9800000.0,-44000000.0,-391300000.0,-141100000.0,-576400000.0,-172800000.0,0.0,691800000.0,-9300000.0,340200000.0,340200000.0,340200000.0,0.0,0.0,0.094,726600000.0,561100000.0,1068800000.0,0.413,4.442,20.902,20.855,3154400000.0,0.0,31.595,1.924,1.924,2516300000.0,7803700000.0,3620100000.0,3620100000.0,0.0,,,,,0.0,684600000.0,1.0,869023832.0,869023832.0,,4.166,9360500000.0,0.0,169800000.0,263100000.0,10.771,534000000.0
82,EMR,MRQ,1999-06-30,1999-06-30,1999-06-30,2021-09-07,-299200000.0,13534000000.0,,5161200000.0,8372800000.0,,6.949,-142000000.0,332800000.0,332800000.0,2340000000.0,345100000.0,1.112,1.237,3634800000.0,2301100000.0,1333700000.0,3634800000.0,0.0,164000000.0,0.0,0.02,0.163,583100000.0,747100000.0,0.206,747100000.0,583100000.0,534200000.0,0.4,0.395,0.4,6048900000.0,,6048900000.0,30421281123.0,14.0,9.004,330400000.0,0.38,1.0,1294000000.0,0.356,4174700000.0,48900000.0,8020100000.0,,1887400000.0,0.0,0.0,0.0,7485100000.0,4641200000.0,2843900000.0,27394581123.0,27200000.0,-459800000.0,-63100000.0,327400000.0,-141200000.0,123100000.0,-574500000.0,0.0,472400000.0,6200000.0,345100000.0,345100000.0,345100000.0,0.0,0.0,0.095,710900000.0,583100000.0,836600000.0,0.407,4.529,21.281,21.264,3068500000.0,0.0,31.47,1.946,1.946,2563100000.0,7604600000.0,3634000000.0,3634000000.0,0.0,,,,,0.0,695500000.0,1.0,870498288.0,870498288.0,,4.175,9359300000.0,0.0,189100000.0,195100000.0,10.752,520000000.0
83,EMR,MRQ,1999-03-31,1999-03-31,1999-03-31,2021-09-07,-250400000.0,13255800000.0,,5190200000.0,8065600000.0,,6.799,-130200000.0,305600000.0,305600000.0,2309800000.0,325900000.0,1.182,1.229,3332300000.0,2046000000.0,1286300000.0,3332300000.0,0.0,317200000.0,0.0,0.023,0.163,549100000.0,866300000.0,0.241,866300000.0,549100000.0,504300000.0,0.375,0.37,0.375,5947100000.0,,5947100000.0,26085706041.0,12.0,8.212,240500000.0,0.275,1.0,1278900000.0,0.356,4004100000.0,44800000.0,7887700000.0,,1926200000.0,0.0,0.0,0.0,7308700000.0,4390700000.0,2918000000.0,23154906041.0,-16100000.0,-68500000.0,-122300000.0,116600000.0,-141700000.0,-147400000.0,-226800000.0,0.0,370700000.0,-12600000.0,325900000.0,325900000.0,325900000.0,0.0,0.0,0.091,729800000.0,549100000.0,872300000.0,0.435,3.893,18.275,18.255,3048200000.0,0.0,26.47,1.665,1.665,2566100000.0,7400700000.0,3588700000.0,3588700000.0,0.0,,,,,0.0,698700000.0,1.0,874760334.0,874760334.0,,4.102,9251700000.0,0.0,178400000.0,229500000.0,10.576,799500000.0
84,EMR,MRQ,1998-12-31,1998-12-31,1998-12-31,2021-09-07,-166900000.0,13161600000.0,,5090700000.0,8070900000.0,,6.816,-136800000.0,321700000.0,321700000.0,2211600000.0,302400000.0,1.184,1.204,3252500000.0,2009200000.0,1243300000.0,3252500000.0,0.0,152400000.0,0.0,0.02,0.163,517300000.0,669700000.0,0.195,669700000.0,517300000.0,472400000.0,0.345,0.345,0.345,5971900000.0,,5971900000.0,28876231299.0,14.0,10.202,138800000.0,0.158,1.0,1215100000.0,0.355,4002300000.0,44900000.0,7790600000.0,,1998400000.0,0.0,0.0,0.0,7189700000.0,4299500000.0,2890200000.0,26504931299.0,112000000.0,-468000000.0,-94300000.0,664700000.0,-142400000.0,428000000.0,-604000000.0,0.0,275600000.0,12400000.0,302400000.0,302400000.0,302400000.0,0.0,0.0,0.088,697800000.0,517300000.0,831300000.0,0.472,4.438,21.226,21.228,3053900000.0,0.0,30.25,1.934,1.934,2396100000.0,7216500000.0,3426700000.0,3426700000.0,0.0,,,,,0.0,691400000.0,1.0,876196076.0,876196076.0,,3.911,9159300000.0,0.0,170000000.0,320300000.0,10.453,791200000.0
85,EMR,MRQ,1998-09-30,1998-09-30,1998-09-30,2021-09-07,-236200000.0,12659800000.0,,5001300000.0,7658500000.0,,6.588,-194500000.0,209700000.0,209700000.0,2195000000.0,313900000.0,1.244,1.181,2581000000.0,1524400000.0,1056600000.0,2581000000.0,0.0,562500000.0,0.0,0.019,0.147,533200000.0,1095700000.0,0.32,1095700000.0,533200000.0,494300000.0,0.36,0.355,0.36,5803300000.0,,5803300000.0,29609632288.0,14.0,11.226,441700000.0,0.501,1.0,1233100000.0,0.36,3702700000.0,38900000.0,7306700000.0,,1996500000.0,0.0,0.0,0.0,6856500000.0,4021700000.0,2834800000.0,27418532288.0,-204000000.0,-287300000.0,-122000000.0,-77000000.0,-129700000.0,-328700000.0,-514600000.0,0.0,636200000.0,3100000.0,313900000.0,313900000.0,313900000.0,0.0,0.0,0.092,699900000.0,533200000.0,1036700000.0,0.408,4.725,22.317,22.232,3011600000.0,0.0,31.125,2.039,2.039,2416100000.0,7056500000.0,3428100000.0,3428100000.0,0.0,,,,,0.0,672200000.0,1.0,880916700.0,880916700.0,,3.892,8957100000.0,0.0,180400000.0,207900000.0,10.168,979600000.0
86,EMR,MRQ,1998-06-30,1998-06-30,1998-06-30,2021-09-07,-224000000.0,12328700000.0,,5177900000.0,7150800000.0,,6.519,-142900000.0,413700000.0,413700000.0,2211100000.0,324800000.0,1.229,1.136,2604800000.0,1994400000.0,610400000.0,2604800000.0,0.0,0.0,0.0,0.019,0.147,544800000.0,544800000.0,0.157,544800000.0,544800000.0,507500000.0,0.37,0.365,0.37,5772000000.0,,5772000000.0,28827312460.0,14.0,11.313,285800000.0,0.323,1.0,1254100000.0,0.362,3356500000.0,37300000.0,6951500000.0,,1953900000.0,0.0,0.0,0.0,6556700000.0,4211800000.0,2344900000.0,26730912460.0,-12800000.0,-101700000.0,-166500000.0,67100000.0,-130400000.0,-229800000.0,-212800000.0,0.0,428700000.0,1100000.0,324800000.0,324800000.0,324800000.0,0.0,0.0,0.094,709300000.0,544800000.0,767100000.0,0.397,4.631,22.189,22.117,2885300000.0,0.0,30.19,2.029,2.029,2445000000.0,6872300000.0,3465200000.0,3465200000.0,0.0,,,,,0.0,684800000.0,1.0,885422738.0,885422738.0,,3.914,8972200000.0,0.0,182700000.0,244100000.0,10.133,966100000.0
87,EMR,MRQ,1998-03-31,1998-03-31,1998-03-31,2021-09-07,-230100000.0,12110600000.0,,5095300000.0,7015300000.0,,6.463,-152700000.0,426500000.0,426500000.0,2159700000.0,307600000.0,1.25,1.113,2522900000.0,1921000000.0,601900000.0,2522900000.0,0.0,0.0,0.0,0.017,0.147,520300000.0,520300000.0,0.154,520300000.0,520300000.0,480600000.0,0.35,0.345,0.35,5730900000.0,,5730900000.0,30860778523.0,15.0,12.32,188000000.0,0.212,1.0,1222700000.0,0.361,3317400000.0,39700000.0,6814800000.0,,1877300000.0,0.0,0.0,0.0,6379700000.0,4074800000.0,2304900000.0,28904778523.0,-37700000.0,-107700000.0,-58500000.0,76000000.0,-130700000.0,-113200000.0,-265500000.0,0.0,340700000.0,300000.0,307600000.0,307600000.0,307600000.0,0.0,0.0,0.091,702400000.0,520300000.0,725700000.0,0.42,5.044,24.568,24.508,2806800000.0,0.0,32.595,2.237,2.237,2385900000.0,6677900000.0,3382400000.0,3382400000.0,0.0,,,,,0.0,673300000.0,1.0,886785658.0,886785658.0,,3.814,8793200000.0,0.0,173000000.0,256900000.0,9.916,1020500000.0
88,EMR,MRQ,1997-12-31,1997-12-31,1997-12-31,2021-09-07,-190900000.0,11917500000.0,,4957000000.0,6960500000.0,,6.42,-112500000.0,464200000.0,464200000.0,2029800000.0,282300000.0,1.239,1.109,2420200000.0,1845900000.0,574300000.0,2420200000.0,0.0,0.0,0.0,0.02,0.147,476900000.0,476900000.0,0.15,476900000.0,476900000.0,441100000.0,0.32,0.32,0.32,5649600000.0,,5649600000.0,26629310389.0,14.0,10.824,133500000.0,0.152,1.0,1141700000.0,0.36,3283700000.0,35800000.0,6587700000.0,,1874600000.0,0.0,0.0,0.0,6267900000.0,4002100000.0,2265800000.0,24834610389.0,243100000.0,0.0,-152400000.0,398800000.0,-130200000.0,116200000.0,-106400000.0,0.0,246000000.0,-12700000.0,282300000.0,282300000.0,282300000.0,0.0,0.0,0.089,664800000.0,476900000.0,746800000.0,0.459,4.396,21.608,21.792,2774000000.0,0.0,28.22,1.965,1.965,2226500000.0,6501000000.0,3171500000.0,3171500000.0,0.0,,,,,0.0,646400000.0,1.0,880035804.0,880035804.0,,3.604,8633800000.0,0.0,158800000.0,280900000.0,9.811,954900000.0
89,EMR,MRQ,1997-09-30,1997-09-30,1997-09-30,2021-09-07,-205900000.0,11463300000.0,,4716800000.0,6746500000.0,,6.112,-202300000.0,221100000.0,221100000.0,2005800000.0,290000000.0,1.228,1.115,2015800000.0,1445100000.0,570700000.0,2015800000.0,0.0,511600000.0,0.0,0.019,0.135,494600000.0,1006200000.0,0.319,1006200000.0,494600000.0,461000000.0,0.325,0.325,0.325,5420700000.0,,5420700000.0,27310958561.0,14.0,11.304,418600000.0,0.472,1.0,1150300000.0,0.364,3116000000.0,33600000.0,6299600000.0,,1881600000.0,0.0,0.0,0.0,6042600000.0,3842400000.0,2200200000.0,25556358561.0,-104300000.0,-245100000.0,-112200000.0,-47300000.0,-119600000.0,-279100000.0,-436300000.0,0.0,620900000.0,-9800000.0,290000000.0,290000000.0,290000000.0,0.0,0.0,0.092,655700000.0,494600000.0,942100000.0,0.415,4.715,22.78,22.869,2735400000.0,0.0,28.815,2.078,2.078,2200200000.0,6348900000.0,3156100000.0,3156100000.0,0.0,,,,,0.0,633600000.0,1.0,886911628.0,886911628.0,,3.559,8347300000.0,0.0,171000000.0,213300000.0,9.412,874400000.0
90,EMR,MRQ,1997-06-30,1997-06-30,1997-06-30,2021-09-07,-85900000.0,11096500000.0,,4813200000.0,6283300000.0,,6.22,-146000000.0,325400000.0,325400000.0,2067000000.0,296600000.0,1.386,1.01,2080000000.0,1425300000.0,654700000.0,2080000000.0,0.0,0.0,0.0,0.019,0.135,501600000.0,501600000.0,0.156,501600000.0,501600000.0,471600000.0,0.335,0.33,0.335,5520200000.0,,5520200000.0,26355119324.0,14.0,,318800000.0,0.359,1.0,1141400000.0,0.356,2842900000.0,30000000.0,6536300000.0,,1836300000.0,0.0,0.0,0.0,5576300000.0,3471900000.0,2104400000.0,24546619324.0,41200000.0,-17400000.0,-112000000.0,-19100000.0,-119800000.0,-250900000.0,-175400000.0,0.0,464800000.0,2700000.0,296600000.0,296600000.0,296600000.0,0.0,0.0,0.092,639800000.0,501600000.0,751700000.0,0.403,4.447,22.354,22.411,2583200000.0,0.0,27.565,2.044,2.037,2284600000.0,6178500000.0,3208400000.0,3208400000.0,0.0,,,,,0.0,621800000.0,1.0,890499522.0,887500000.0,887500000.0,3.615,8253600000.0,0.0,175000000.0,164000000.0,9.3,1341300000.0
91,EMR,MRQ,1997-03-31,1997-03-31,1997-03-31,2021-09-07,-114700000.0,10919500000.0,,4698900000.0,6220600000.0,,6.072,-113400000.0,284200000.0,284200000.0,1987400000.0,280400000.0,1.422,1.016,2092700000.0,1308900000.0,783800000.0,2092700000.0,0.0,0.0,0.0,0.023,0.135,475500000.0,475500000.0,0.153,475500000.0,475500000.0,445700000.0,0.315,0.31,0.315,5417600000.0,,5417600000.0,21908734360.0,12.0,,115400000.0,0.129,1.0,1116100000.0,0.36,2830700000.0,29800000.0,6592800000.0,,1824100000.0,0.0,0.0,0.0,5501900000.0,3304500000.0,2197400000.0,20116134360.0,102300000.0,-8100000.0,-92900000.0,159300000.0,-120400000.0,-54000000.0,-54700000.0,0.0,228800000.0,-17800000.0,280400000.0,280400000.0,280400000.0,0.0,0.0,0.09,640600000.0,475500000.0,725900000.0,0.429,3.713,18.828,18.828,2538000000.0,0.0,22.5,1.72,1.716,2254600000.0,6001600000.0,3103500000.0,3103500000.0,0.0,,,,,0.0,612200000.0,1.0,894050416.0,892224000.0,892224000.0,3.478,8088800000.0,0.0,165300000.0,177600000.0,9.066,1394400000.0
92,EMR,MRQ,1996-12-31,1996-12-31,1996-12-31,2021-09-07,27400000.0,10696400000.0,,4329400000.0,6367000000.0,,6.141,-113700000.0,181900000.0,181900000.0,1805400000.0,254900000.0,1.389,0.947,1974500000.0,1201300000.0,773200000.0,1974500000.0,0.0,0.0,0.0,0.021,0.135,432800000.0,432800000.0,0.153,432800000.0,432800000.0,405300000.0,0.285,0.285,0.285,5494900000.0,,5494900000.0,,,,70400000.0,0.079,1.0,1025200000.0,0.362,2865400000.0,27500000.0,6507100000.0,,1816900000.0,0.0,0.0,0.0,5201500000.0,3116500000.0,2085000000.0,21653901076.0,32900000.0,-14600000.0,-59500000.0,221600000.0,-120900000.0,41200000.0,-194200000.0,0.0,184100000.0,1800000.0,254900000.0,254900000.0,254900000.0,0.0,0.0,0.09,592400000.0,432800000.0,620600000.0,0.474,3.941,20.763,20.79,2490600000.0,0.0,24.22,1.897,1.899,2016400000.0,5841700000.0,2830600000.0,2830600000.0,0.0,,,,,0.0,583300000.0,1.0,894050416.0,894816000.0,894816000.0,3.163,7831000000.0,0.0,150400000.0,259000000.0,8.752,1212900000.0
93,EMR,MRQ,1996-09-30,1996-09-30,1996-09-30,2021-09-07,-29200000.0,10481000000.0,,4187200000.0,6293800000.0,,,,149000000.0,149000000.0,1833700000.0,266200000.0,1.386,0.958,1739600000.0,967000000.0,772600000.0,1739600000.0,0.0,,0.0,0.022,0.122,453600000.0,,,,453600000.0,422900000.0,0.295,0.285,0.295,5353400000.0,,5353400000.0,,,,,,1.0,1033800000.0,0.361,2779200000.0,30700000.0,6271300000.0,,1743900000.0,0.0,0.0,0.0,5127600000.0,3021100000.0,2106500000.0,,,,,,,,,,,,266200000.0,266200000.0,266200000.0,0.0,0.0,0.093,580200000.0,453600000.0,791300000.0,0.414,,,19.85,2450800000.0,0.0,22.53,,,1979800000.0,5707700000.0,2867500000.0,2867500000.0,0.0,,,,,,563900000.0,1.0,,,,,7701800000.0,0.0,156700000.0,199500000.0,,1166100000.0
94,EMR,MRQ,1996-06-30,1996-06-30,1996-06-30,2021-09-07,,,,,,,,,,,1859800000.0,266900000.0,,,,,,,,,,0.022,0.122,454000000.0,,,,454000000.0,421800000.0,0.3,0.3,0.3,,,,,,,,,1.0,1037000000.0,0.358,,32200000.0,,,,,,,,,,,,,,,,,,,,,266900000.0,266900000.0,266900000.0,0.0,0.0,0.092,583000000.0,454000000.0,,0.407,,,,,0.0,22.375,,,,,2896800000.0,2896800000.0,0.0,,,,,,567100000.0,1.0,,896418000.0,896418000.0,3.232,,,154900000.0,,,
95,EMR,MRQ,1996-03-31,1996-03-31,1996-03-31,2021-09-07,,,,,,,,,,,1821100000.0,254900000.0,,,,,,,,,,0.023,0.122,436300000.0,,,,436300000.0,402400000.0,0.285,0.285,0.285,,,,,,,,,1.0,998700000.0,0.354,,33900000.0,,,,,,,,,,,,,,,,,,,,,254900000.0,254900000.0,254900000.0,0.0,0.0,0.09,562400000.0,436300000.0,,0.428,,,,,0.0,20.688,,,,,2819800000.0,2819800000.0,0.0,,,,,,544000000.0,1.0,,896222000.0,896222000.0,3.146,,,147500000.0,,,
0,EMR,MRT,2021-06-30,2021-06-30,2021-06-30,2021-09-07,-1307000000.0,24484000000.0,23711000000.0,8766000000.0,15718000000.0,0.753,15.493,-559000000.0,2860000000.0,2860000000.0,10398000000.0,2383000000.0,1.314,1.63,7313000000.0,1478000000.0,5835000000.0,7313000000.0,0.0,943000000.0,0.0,0.021,2.015,2977000000.0,3920000000.0,0.22,3920000000.0,2977000000.0,2822000000.0,3.94,3.91,3.94,9291000000.0,8930250000.0,9291000000.0,62652128000.0,21.0,15.983,3390000000.0,5.653,1.0,7449000000.0,0.417,10770000000.0,155000000.0,11497000000.0,11702500000.0,2114000000.0,0.0,0.0,0.0,15145000000.0,6670000000.0,8475000000.0,57715128000.0,410000000.0,-1623000000.0,-268000000.0,-24000000.0,-1208000000.0,-1437000000.0,-2140000000.0,0.0,3949000000.0,38000000.0,2356000000.0,2356000000.0,2356000000.0,0.0,27000000.0,0.132,4445000000.0,3004000000.0,1966000000.0,0.511,6.212,24.497,24.426,3664000000.0,0.0,96.24,3.234,3.234,2754000000.0,25678000000.0,17847000000.0,17847000000.0,0.0,0.099,0.264,0.254,0.167,232000000.0,4071000000.0,1.0,599700000.0,599700000.0,,29.76,13714000000.0,0.0,466000000.0,0.0,22.868,2096000000.0
1,EMR,MRT,2021-03-31,2021-03-31,2021-03-31,2021-09-07,-1322000000.0,23800000000.0,23022500000.0,7961000000.0,15839000000.0,0.741,15.216,-535000000.0,2342000000.0,2342000000.0,9979000000.0,2157000000.0,1.265,1.601,7279000000.0,1456000000.0,5823000000.0,7279000000.0,0.0,915000000.0,0.0,0.022,2.01,2657000000.0,3572000000.0,0.209,3572000000.0,2657000000.0,2494000000.0,3.56,3.54,3.56,9130000000.0,8565250000.0,9130000000.0,59546677008.0,22.0,16.67,3151000000.0,5.251,1.0,7085000000.0,0.415,10882000000.0,163000000.0,11561000000.0,11680250000.0,2016000000.0,0.0,0.0,0.0,14620000000.0,6294000000.0,8326000000.0,54134677008.0,-241000000.0,-1641000000.0,-78000000.0,-608000000.0,-1204000000.0,-1844000000.0,-2149000000.0,0.0,3686000000.0,66000000.0,2128000000.0,2128000000.0,2128000000.0,0.0,29000000.0,0.125,4399000000.0,2686000000.0,1797000000.0,0.565,5.929,25.439,25.343,3663000000.0,0.0,90.22,3.172,3.172,2754000000.0,25354000000.0,17064000000.0,17064000000.0,0.0,0.092,0.248,0.227,0.156,217000000.0,3932000000.0,1.0,600029672.0,600029672.0,,28.439,12918000000.0,0.0,366000000.0,0.0,21.529,1667000000.0
2,EMR,MRT,2020-12-31,2020-12-31,2020-12-31,2021-09-07,-1330000000.0,23678000000.0,22500250000.0,7681000000.0,15997000000.0,0.746,14.874,-546000000.0,2197000000.0,2197000000.0,9822000000.0,2113000000.0,1.205,1.657,7609000000.0,1717000000.0,5892000000.0,7609000000.0,0.0,887000000.0,0.0,0.025,2.005,2607000000.0,3494000000.0,0.208,3494000000.0,2607000000.0,2446000000.0,3.47,3.45,3.47,8895000000.0,8162000000.0,8895000000.0,52235431963.0,20.0,14.95,2921000000.0,4.884,1.0,6973000000.0,0.415,11028000000.0,161000000.0,11686000000.0,11257750000.0,2013000000.0,0.0,0.0,0.0,14739000000.0,6376000000.0,8363000000.0,48064431963.0,562000000.0,-1737000000.0,-826000000.0,1427000000.0,-1207000000.0,-582000000.0,-2329000000.0,0.0,3467000000.0,6000000.0,2084000000.0,2084000000.0,2084000000.0,0.0,29000000.0,0.124,4337000000.0,2636000000.0,1694000000.0,0.578,5.404,23.064,23.161,3693000000.0,0.0,80.37,2.862,2.862,2652000000.0,25096000000.0,16795000000.0,16795000000.0,0.0,0.093,0.255,0.232,0.155,118000000.0,3861000000.0,1.0,598039467.0,598039467.0,,28.083,12650000000.0,0.0,362000000.0,0.0,21.152,1305000000.0
3,EMR,MRT,2020-09-30,2020-09-30,2020-09-30,2021-09-07,-1577000000.0,22882000000.0,21856000000.0,8806000000.0,14076000000.0,0.768,14.065,-538000000.0,3315000000.0,3315000000.0,9776000000.0,1990000000.0,1.522,1.717,7486000000.0,1160000000.0,6326000000.0,7486000000.0,0.0,854000000.0,0.0,0.031,2.0,2466000000.0,3320000000.0,0.198,3320000000.0,2466000000.0,2310000000.0,3.26,3.24,3.26,8405000000.0,8043500000.0,8405000000.0,43959102260.0,18.0,13.241,2545000000.0,4.259,1.0,7009000000.0,0.418,9202000000.0,156000000.0,12066000000.0,10832000000.0,1928000000.0,0.0,0.0,0.0,14435000000.0,5785000000.0,8650000000.0,39184102260.0,1821000000.0,-126000000.0,-942000000.0,1640000000.0,-1209000000.0,-509000000.0,-740000000.0,0.0,3083000000.0,-13000000.0,1965000000.0,1965000000.0,1965000000.0,0.0,25000000.0,0.117,4518000000.0,2491000000.0,1715000000.0,0.613,4.662,19.941,20.113,3688000000.0,0.0,65.57,2.334,2.334,2802000000.0,24955000000.0,16785000000.0,16785000000.0,0.0,0.09,0.244,0.228,0.147,110000000.0,3986000000.0,1.0,597591921.0,597591921.0,,28.088,13680000000.0,0.0,345000000.0,0.0,22.892,3021000000.0
4,EMR,MRT,2020-06-30,2020-06-30,2020-06-30,2021-09-07,-1699000000.0,21730000000.0,21259750000.0,7879000000.0,13851000000.0,0.809,13.107,-528000000.0,2450000000.0,2450000000.0,9943000000.0,1984000000.0,1.316,1.769,7225000000.0,1725000000.0,5500000000.0,7225000000.0,0.0,844000000.0,0.0,0.032,1.99,2527000000.0,3371000000.0,0.196,3371000000.0,2527000000.0,2371000000.0,3.22,3.2,3.22,7831000000.0,8000500000.0,7831000000.0,42179392859.0,17.0,12.512,2530000000.0,4.234,1.0,7255000000.0,0.422,9112000000.0,156000000.0,11408000000.0,10214750000.0,2102000000.0,0.0,0.0,0.0,13852000000.0,5985000000.0,7867000000.0,37061392859.0,847000000.0,-194000000.0,-1192000000.0,1027000000.0,-1210000000.0,-1329000000.0,-821000000.0,0.0,3058000000.0,-61000000.0,1959000000.0,1959000000.0,1959000000.0,0.0,25000000.0,0.114,4703000000.0,2552000000.0,1426000000.0,0.618,4.733,18.919,19.264,3565000000.0,0.0,62.03,2.155,2.155,2512000000.0,24531000000.0,17198000000.0,17198000000.0,0.0,0.092,0.245,0.247,0.147,106000000.0,4149000000.0,1.0,597475300.0,597475300.0,,28.784,12618000000.0,0.0,412000000.0,0.0,21.119,1894000000.0
5,EMR,MRT,2020-03-31,2020-03-31,2020-03-31,2021-09-07,-1903000000.0,21711000000.0,21156500000.0,8032000000.0,13679000000.0,0.849,12.286,-545000000.0,2583000000.0,2583000000.0,10330000000.0,2189000000.0,1.012,1.882,7701000000.0,3741000000.0,3960000000.0,7701000000.0,0.0,838000000.0,0.0,0.042,1.98,2834000000.0,3672000000.0,0.204,3672000000.0,2834000000.0,2680000000.0,3.53,3.5,3.53,7517000000.0,8231500000.0,7517000000.0,33521226223.0,12.0,9.129,2617000000.0,4.277,1.0,7638000000.0,0.425,9018000000.0,154000000.0,9871000000.0,9981250000.0,2058000000.0,0.0,0.0,0.0,14148000000.0,7940000000.0,6208000000.0,29154226223.0,1199000000.0,-313000000.0,-1192000000.0,1456000000.0,-1213000000.0,-900000000.0,-960000000.0,0.0,3162000000.0,-103000000.0,2164000000.0,2164000000.0,2164000000.0,0.0,25000000.0,0.12,4779000000.0,2859000000.0,1521000000.0,0.561,3.878,13.472,13.499,3553000000.0,0.0,47.65,1.623,1.623,2641000000.0,24431000000.0,17968000000.0,17968000000.0,0.0,0.102,0.263,0.284,0.158,86000000.0,4341000000.0,1.0,611841054.0,611841054.0,,29.367,12693000000.0,0.0,516000000.0,0.0,20.746,92000000.0
6,EMR,MRT,2019-12-31,2019-12-31,2019-12-31,2021-09-07,-1576000000.0,21101000000.0,20996500000.0,7196000000.0,13905000000.0,0.875,13.824,-553000000.0,1635000000.0,1635000000.0,10563000000.0,2190000000.0,1.135,1.501,6002000000.0,1984000000.0,4018000000.0,6002000000.0,0.0,831000000.0,0.0,0.026,1.97,2834000000.0,3665000000.0,0.199,3665000000.0,2834000000.0,2668000000.0,3.53,3.5,3.53,8421000000.0,8483750000.0,8421000000.0,50681071457.0,18.0,13.828,2554000000.0,4.193,1.0,7813000000.0,0.425,9145000000.0,166000000.0,9983000000.0,10038500000.0,2064000000.0,0.0,0.0,0.0,12642000000.0,6340000000.0,6302000000.0,46454071457.0,387000000.0,-382000000.0,-593000000.0,83000000.0,-1209000000.0,-1651000000.0,-1046000000.0,0.0,3107000000.0,-23000000.0,2167000000.0,2167000000.0,2167000000.0,0.0,23000000.0,0.118,4956000000.0,2857000000.0,1649000000.0,0.558,5.516,21.437,21.603,3633000000.0,0.0,76.26,2.528,2.528,2726000000.0,24220000000.0,18376000000.0,18376000000.0,0.0,0.103,0.255,0.282,0.154,183000000.0,4503000000.0,1.0,609153835.0,609153835.0,,30.166,11956000000.0,0.0,501000000.0,0.0,19.627,856000000.0
7,EMR,MRT,2019-09-30,2019-09-30,2019-09-30,2021-09-07,-1722000000.0,20497000000.0,20828500000.0,7139000000.0,13358000000.0,0.882,13.385,-594000000.0,1494000000.0,1494000000.0,10557000000.0,2328000000.0,1.195,1.485,5721000000.0,1444000000.0,4277000000.0,5721000000.0,0.0,822000000.0,0.0,0.029,1.96,3011000000.0,3833000000.0,0.209,3833000000.0,3011000000.0,2837000000.0,3.74,3.71,3.74,8233000000.0,8437500000.0,8233000000.0,45735683749.0,15.0,11.932,2412000000.0,3.921,1.0,7815000000.0,0.425,9151000000.0,174000000.0,9597000000.0,9647750000.0,1880000000.0,0.0,0.0,0.0,12224000000.0,5976000000.0,6248000000.0,41125683749.0,401000000.0,-455000000.0,-1250000000.0,1029000000.0,-1209000000.0,-1391000000.0,-1174000000.0,0.0,3006000000.0,-40000000.0,2306000000.0,2306000000.0,2306000000.0,0.0,22000000.0,0.126,4782000000.0,3033000000.0,1874000000.0,0.524,4.995,17.834,17.877,3642000000.0,0.0,66.86,2.238,2.238,2985000000.0,24199000000.0,18372000000.0,18372000000.0,0.0,0.111,0.273,0.312,0.164,120000000.0,4457000000.0,1.0,615101462.0,615101462.0,,29.868,11346000000.0,0.0,531000000.0,0.0,18.446,1163000000.0
8,EMR,MRT,2019-06-30,2019-06-30,2019-06-30,2021-09-07,-1016000000.0,21317000000.0,20801750000.0,7350000000.0,13967000000.0,0.879,14.235,-698000000.0,1603000000.0,1603000000.0,10543000000.0,2226000000.0,1.182,1.429,6213000000.0,1877000000.0,4336000000.0,6213000000.0,0.0,810000000.0,0.0,0.029,1.955,2931000000.0,3741000000.0,0.205,3741000000.0,2931000000.0,2751000000.0,3.55,3.52,3.55,8755000000.0,8616000000.0,8755000000.0,45987573618.0,16.0,12.293,2128000000.0,3.46,1.0,7746000000.0,0.424,9235000000.0,180000000.0,10474000000.0,9420250000.0,2061000000.0,0.0,0.0,0.0,12513000000.0,6218000000.0,6295000000.0,41034573618.0,-1808000000.0,-1830000000.0,-1000000000.0,235000000.0,-1214000000.0,-1957000000.0,-2649000000.0,0.0,2826000000.0,-28000000.0,2206000000.0,2206000000.0,2206000000.0,0.0,20000000.0,0.121,4795000000.0,2951000000.0,1785000000.0,0.551,4.687,18.601,18.794,3614000000.0,0.0,66.72,2.244,2.244,2901000000.0,23777000000.0,18289000000.0,18289000000.0,0.0,0.106,0.256,0.311,0.16,299000000.0,4529000000.0,1.0,615026583.0,615026583.0,,29.737,12082000000.0,0.0,545000000.0,103000000.0,19.645,1132000000.0
9,EMR,MRT,2019-03-31,2019-03-31,2019-03-31,2021-09-07,-928000000.0,21071000000.0,20594250000.0,7152000000.0,13919000000.0,0.877,13.872,-697000000.0,1384000000.0,1384000000.0,10374000000.0,2333000000.0,1.065,1.466,6337000000.0,2551000000.0,3786000000.0,6337000000.0,0.0,786000000.0,0.0,0.028,1.95,2929000000.0,3715000000.0,0.206,3715000000.0,2929000000.0,2753000000.0,3.7,3.67,3.7,8526000000.0,8530500000.0,8526000000.0,46796021746.0,16.0,12.597,2107000000.0,3.428,1.0,7687000000.0,0.426,9210000000.0,176000000.0,10100000000.0,8853750000.0,2073000000.0,0.0,0.0,0.0,12499000000.0,6714000000.0,5785000000.0,42083021746.0,-1060000000.0,-1691000000.0,-1250000000.0,1151000000.0,-1218000000.0,-1247000000.0,-2512000000.0,0.0,2804000000.0,-105000000.0,2314000000.0,2314000000.0,2314000000.0,0.0,19000000.0,0.128,4739000000.0,2948000000.0,1730000000.0,0.527,4.936,18.186,18.505,3615000000.0,0.0,68.47,2.33,2.33,2911000000.0,23475000000.0,18061000000.0,18061000000.0,0.0,0.112,0.271,0.331,0.162,268000000.0,4461000000.0,1.0,614619859.0,614619859.0,,29.386,11861000000.0,0.0,439000000.0,84000000.0,19.298,438000000.0
10,EMR,MRT,2018-12-31,2018-12-31,2018-12-31,2021-09-07,-1052000000.0,20429000000.0,20272750000.0,6658000000.0,13771000000.0,0.875,13.153,-676000000.0,1248000000.0,1248000000.0,10160000000.0,2297000000.0,0.883,1.476,5961000000.0,3320000000.0,2641000000.0,5961000000.0,0.0,773000000.0,0.0,0.033,1.945,2898000000.0,3671000000.0,0.207,3671000000.0,2898000000.0,2734000000.0,3.61,3.59,3.61,8236000000.0,8522000000.0,8236000000.0,41079976230.0,14.0,11.19,2092000000.0,3.341,1.0,7579000000.0,0.427,9182000000.0,164000000.0,8420000000.0,8469250000.0,1980000000.0,0.0,0.0,0.0,12153000000.0,7540000000.0,4613000000.0,37412976230.0,-1848000000.0,-1797000000.0,-1286000000.0,490000000.0,-1223000000.0,-1963000000.0,-2587000000.0,0.0,2768000000.0,-66000000.0,2276000000.0,2276000000.0,2276000000.0,0.0,21000000.0,0.128,4660000000.0,2919000000.0,1794000000.0,0.539,4.543,16.438,16.551,3551000000.0,0.0,59.75,2.109,2.109,2733000000.0,23252000000.0,17739000000.0,17739000000.0,0.0,0.112,0.267,0.342,0.163,209000000.0,4351000000.0,1.0,626158598.0,626158598.0,,28.33,11247000000.0,0.0,458000000.0,138000000.0,17.962,-882000000.0
11,EMR,MRT,2018-09-30,2018-09-30,2018-09-30,2021-09-07,-1015000000.0,20390000000.0,20130000000.0,6619000000.0,13771000000.0,0.865,14.236,-617000000.0,1093000000.0,1093000000.0,9976000000.0,2224000000.0,1.074,1.274,4760000000.0,1623000000.0,3137000000.0,4760000000.0,0.0,758000000.0,0.0,0.025,1.94,2805000000.0,3563000000.0,0.205,3563000000.0,2805000000.0,2646000000.0,3.48,3.46,3.48,8947000000.0,8550250000.0,8947000000.0,50704891896.0,18.0,14.231,2275000000.0,3.62,1.0,7432000000.0,0.427,9206000000.0,159000000.0,8687000000.0,8440250000.0,1813000000.0,0.0,0.0,0.0,11400000000.0,6164000000.0,5236000000.0,48127891896.0,-1969000000.0,-2002000000.0,-1000000000.0,102000000.0,-1229000000.0,-2092000000.0,-2720000000.0,0.0,2892000000.0,-49000000.0,2203000000.0,2203000000.0,2203000000.0,0.0,21000000.0,0.127,4606000000.0,2826000000.0,1943000000.0,0.557,5.379,21.847,22.006,3562000000.0,0.0,76.58,2.765,2.765,3023000000.0,23072000000.0,17408000000.0,17408000000.0,0.0,0.109,0.258,0.332,0.161,216000000.0,4269000000.0,1.0,628465551.0,628465551.0,,27.699,11184000000.0,0.0,443000000.0,0.0,17.796,455000000.0
12,EMR,MRT,2018-06-30,2018-06-30,2018-06-30,2021-09-07,-1092000000.0,20487000000.0,19929750000.0,8576000000.0,11911000000.0,0.851,13.352,-490000000.0,3411000000.0,3411000000.0,9751000000.0,2112000000.0,1.233,1.43,5988000000.0,2862000000.0,3126000000.0,5988000000.0,0.0,739000000.0,0.0,0.028,1.935,2752000000.0,3491000000.0,0.206,3491000000.0,2752000000.0,2600000000.0,3.28,3.27,3.28,8413000000.0,8493000000.0,8413000000.0,46310430344.0,17.0,13.266,2232000000.0,3.542,1.0,7204000000.0,0.425,7902000000.0,152000000.0,8208000000.0,8501500000.0,1805000000.0,0.0,0.0,0.0,12027000000.0,6954000000.0,5073000000.0,43564430344.0,271000000.0,-522000000.0,-1000000000.0,830000000.0,-1233000000.0,-1374000000.0,-1109000000.0,0.0,2722000000.0,32000000.0,2090000000.0,2090000000.0,2090000000.0,-8000000.0,22000000.0,0.123,4438000000.0,2766000000.0,1647000000.0,0.59,5.178,20.844,21.079,3260000000.0,0.0,69.14,2.569,2.569,3027000000.0,22660000000.0,16955000000.0,16955000000.0,0.0,0.105,0.246,0.324,0.162,110000000.0,4074000000.0,1.0,630090112.0,630090112.0,,26.909,12585000000.0,0.0,510000000.0,53000000.0,19.973,1622000000.0
13,EMR,MRT,2018-03-31,2018-03-31,2018-03-31,2021-09-07,-827000000.0,19785000000.0,19658500000.0,7725000000.0,12060000000.0,0.841,13.377,-476000000.0,2444000000.0,2444000000.0,9598000000.0,1818000000.0,1.299,1.325,5190000000.0,1833000000.0,3357000000.0,5190000000.0,0.0,731000000.0,0.0,0.028,1.93,2606000000.0,3337000000.0,0.202,3337000000.0,2606000000.0,2454000000.0,2.79,2.79,2.79,8492000000.0,8381250000.0,8492000000.0,45731406782.0,18.0,13.704,1970000000.0,3.103,1.0,6940000000.0,0.42,8024000000.0,152000000.0,8562000000.0,8671500000.0,1897000000.0,0.0,0.0,0.0,11248000000.0,5945000000.0,5303000000.0,43359406782.0,-2595000000.0,-3488000000.0,-1030000000.0,1122000000.0,-1236000000.0,-1152000000.0,-4062000000.0,0.0,2446000000.0,173000000.0,1791000000.0,1791000000.0,1791000000.0,-14000000.0,27000000.0,0.108,4321000000.0,2619000000.0,1603000000.0,0.692,5.106,24.21,24.48,3299000000.0,0.0,68.3,2.622,2.622,3042000000.0,22254000000.0,16538000000.0,16538000000.0,0.0,0.091,0.214,0.301,0.158,110000000.0,3947000000.0,1.0,634837581.0,634837581.0,,26.051,11761000000.0,0.0,663000000.0,147000000.0,18.526,1780000000.0
14,EMR,MRT,2017-12-31,2017-12-31,2017-12-31,2021-09-07,-992000000.0,19858000000.0,19031500000.0,8152000000.0,11706000000.0,0.834,13.008,-472000000.0,3096000000.0,3096000000.0,9184000000.0,1629000000.0,1.317,1.374,5468000000.0,2093000000.0,3375000000.0,5468000000.0,0.0,680000000.0,0.0,0.028,1.925,2433000000.0,3113000000.0,0.196,3113000000.0,2433000000.0,2276000000.0,2.48,2.48,2.48,8349000000.0,8259750000.0,8349000000.0,46322424510.0,19.0,14.88,1649000000.0,2.569,1.0,6680000000.0,0.421,7734000000.0,157000000.0,8304000000.0,8474750000.0,1845000000.0,0.0,0.0,0.0,11470000000.0,6192000000.0,5278000000.0,44728424510.0,-1055000000.0,-2060000000.0,-900000000.0,1397000000.0,-1239000000.0,-702000000.0,-2636000000.0,0.0,2121000000.0,162000000.0,1601000000.0,1601000000.0,1601000000.0,70000000.0,28000000.0,0.101,4149000000.0,2531000000.0,1596000000.0,0.776,5.357,27.938,28.101,3279000000.0,0.0,69.69,2.819,2.819,2881000000.0,22079000000.0,15864000000.0,15864000000.0,0.0,0.084,0.194,0.287,0.153,110000000.0,3780000000.0,1.0,641819838.0,641819838.0,,24.717,12124000000.0,0.0,675000000.0,217000000.0,18.89,1960000000.0
15,EMR,MRT,2017-09-30,2017-09-30,2017-09-30,2021-09-07,-1019000000.0,19589000000.0,18434750000.0,8252000000.0,11337000000.0,0.828,13.621,-476000000.0,3062000000.0,3062000000.0,8833000000.0,1550000000.0,1.636,1.241,4656000000.0,862000000.0,3794000000.0,4656000000.0,0.0,636000000.0,0.0,0.031,1.92,2343000000.0,2979000000.0,0.195,2979000000.0,2343000000.0,2178000000.0,2.35,2.35,2.35,8718000000.0,8100750000.0,8718000000.0,42238832669.0,18.0,14.179,1436000000.0,2.244,1.0,6431000000.0,0.421,7206000000.0,165000000.0,8932000000.0,8524500000.0,1696000000.0,0.0,0.0,0.0,10819000000.0,5045000000.0,5774000000.0,40218832669.0,-120000000.0,2096000000.0,-400000000.0,-1979000000.0,-1239000000.0,-3591000000.0,1514000000.0,0.0,1912000000.0,45000000.0,1518000000.0,1518000000.0,1518000000.0,125000000.0,32000000.0,0.099,3931000000.0,2500000000.0,1776000000.0,0.817,4.613,26.495,26.74,3321000000.0,0.0,62.84,2.635,2.635,3072000000.0,21995000000.0,15264000000.0,15264000000.0,0.0,0.082,0.187,0.275,0.153,110000000.0,3607000000.0,1.0,640019616.0,640019616.0,,23.849,12383000000.0,0.0,660000000.0,65000000.0,19.348,3207000000.0
16,EMR,MRT,2017-06-30,2017-06-30,2017-06-30,2021-09-07,-1575000000.0,19402000000.0,18970500000.0,8554000000.0,10848000000.0,0.778,12.36,-446000000.0,3140000000.0,3140000000.0,8448000000.0,1485000000.0,1.593,1.429,5160000000.0,1363000000.0,3797000000.0,5160000000.0,0.0,596000000.0,0.0,0.032,1.915,2292000000.0,2888000000.0,0.196,2888000000.0,2292000000.0,2117000000.0,2.25,2.25,2.25,7966000000.0,7813250000.0,7966000000.0,37452905470.0,16.0,12.968,1569000000.0,2.435,1.0,6313000000.0,0.428,7164000000.0,175000000.0,8888000000.0,9383000000.0,1891000000.0,0.0,0.0,0.0,11380000000.0,5370000000.0,6010000000.0,38423905470.0,-376000000.0,1979000000.0,-446000000.0,-2117000000.0,-1235000000.0,-3772000000.0,1438000000.0,0.0,2015000000.0,-57000000.0,1452000000.0,1452000000.0,1452000000.0,78000000.0,33000000.0,0.098,3814000000.0,2499000000.0,1613000000.0,0.851,4.823,26.463,26.498,3304000000.0,0.0,59.62,2.603,2.603,2926000000.0,21800000000.0,14761000000.0,14761000000.0,0.0,0.077,0.186,0.244,0.155,0.0,3476000000.0,1.0,644480132.0,644480132.0,,22.904,12238000000.0,0.0,665000000.0,219000000.0,18.989,3184000000.0
17,EMR,MRT,2017-03-31,2017-03-31,2017-03-31,2021-09-07,-1690000000.0,17277000000.0,19640500000.0,9446000000.0,7831000000.0,0.733,12.411,-431000000.0,5039000000.0,5039000000.0,8168000000.0,1549000000.0,2.505,1.152,4068000000.0,252000000.0,3816000000.0,4068000000.0,0.0,565000000.0,0.0,0.032,1.91,2368000000.0,2933000000.0,0.204,2933000000.0,2368000000.0,2186000000.0,2.35,2.35,2.35,8006000000.0,7797000000.0,8006000000.0,38531571446.0,16.0,13.137,1654000000.0,2.564,1.0,6228000000.0,0.433,4760000000.0,182000000.0,7775000000.0,9522000000.0,1331000000.0,0.0,0.0,0.0,9220000000.0,3771000000.0,5449000000.0,38613571446.0,1717000000.0,4875000000.0,-166000000.0,-3219000000.0,-1232000000.0,-4602000000.0,4353000000.0,0.0,2085000000.0,-119000000.0,1518000000.0,1518000000.0,1518000000.0,84000000.0,31000000.0,0.105,3687000000.0,2541000000.0,1368000000.0,0.813,4.823,25.437,25.472,2880000000.0,0.0,59.86,2.682,2.682,2479000000.0,21696000000.0,14396000000.0,14396000000.0,0.0,0.077,0.195,0.249,0.164,0.0,3397000000.0,1.0,645064675.0,645064675.0,,22.317,12517000000.0,0.0,668000000.0,199000000.0,19.404,5675000000.0
18,EMR,MRT,2016-12-31,2016-12-31,2016-12-31,2021-09-07,-2030000000.0,17471000000.0,20762250000.0,8877000000.0,8594000000.0,0.694,11.999,-423000000.0,4151000000.0,4151000000.0,8188000000.0,1626000000.0,2.141,1.26,4069000000.0,254000000.0,3815000000.0,4069000000.0,0.0,567000000.0,0.0,0.034,1.905,2446000000.0,3013000000.0,0.209,3013000000.0,2446000000.0,2259000000.0,2.47,2.47,2.47,7713000000.0,7718500000.0,7713000000.0,39298816133.0,16.0,13.043,2209000000.0,3.437,1.0,6213000000.0,0.431,4740000000.0,187000000.0,8503000000.0,9947000000.0,1278000000.0,0.0,0.0,0.0,9717000000.0,4146000000.0,5571000000.0,35834816133.0,1042000000.0,3695000000.0,-94000000.0,-3374000000.0,-1228000000.0,-4754000000.0,3295000000.0,0.0,2632000000.0,-131000000.0,1595000000.0,1595000000.0,1595000000.0,0.0,31000000.0,0.111,3680000000.0,2533000000.0,1335000000.0,0.771,4.646,22.467,22.571,2861000000.0,0.0,55.75,2.488,2.488,2426000000.0,21714000000.0,14401000000.0,14401000000.0,0.0,0.077,0.207,0.246,0.17,0.0,3407000000.0,1.0,642776971.0,642776971.0,,22.404,12731000000.0,0.0,664000000.0,396000000.0,19.806,4731000000.0
19,EMR,MRT,2016-09-30,2016-09-30,2016-09-30,2021-09-07,-1999000000.0,21732000000.0,21782500000.0,9960000000.0,11772000000.0,0.667,11.76,-447000000.0,3182000000.0,3182000000.0,8260000000.0,1664000000.0,1.244,1.865,6635000000.0,2584000000.0,4051000000.0,6635000000.0,0.0,568000000.0,0.0,0.035,1.9,2520000000.0,3088000000.0,0.213,3088000000.0,2520000000.0,2332000000.0,2.53,2.52,2.53,7568000000.0,7654250000.0,7568000000.0,38845225473.0,15.0,12.579,2434000000.0,3.782,1.0,6262000000.0,0.431,4811000000.0,188000000.0,12366000000.0,10227500000.0,1208000000.0,0.0,0.0,0.0,14114000000.0,8008000000.0,6106000000.0,35079225473.0,128000000.0,-209000000.0,-601000000.0,-198000000.0,-1227000000.0,-2045000000.0,-626000000.0,0.0,2881000000.0,-82000000.0,1635000000.0,1635000000.0,1635000000.0,0.0,29000000.0,0.113,3758000000.0,2504000000.0,1517000000.0,0.751,4.635,21.455,21.545,2931000000.0,0.0,54.51,2.416,2.416,2701000000.0,21716000000.0,14522000000.0,14522000000.0,0.0,0.075,0.214,0.246,0.174,0.0,3464000000.0,1.0,643537433.0,643537433.0,,22.566,16921000000.0,0.0,697000000.0,180000000.0,26.294,1952000000.0
20,EMR,MRT,2016-06-30,2016-06-30,2016-06-30,2021-09-07,-1564000000.0,22082000000.0,21871500000.0,10220000000.0,11862000000.0,0.473,12.281,-373000000.0,3516000000.0,3516000000.0,5472000000.0,1870000000.0,1.227,1.788,7282000000.0,3220000000.0,4062000000.0,7282000000.0,0.0,386000000.0,0.0,0.036,1.895,2726000000.0,3112000000.0,0.301,3112000000.0,2726000000.0,2538000000.0,2.84,2.82,2.84,7901000000.0,7782500000.0,7901000000.0,37529190299.0,14.0,12.06,2652000000.0,4.122,1.0,4877000000.0,0.471,8078000000.0,188000000.0,9444000000.0,10458500000.0,1949000000.0,0.0,0.0,0.0,14127000000.0,8326000000.0,5801000000.0,33557190299.0,123000000.0,134000000.0,-1015000000.0,-160000000.0,-1231000000.0,-2426000000.0,-329000000.0,0.0,3025000000.0,-147000000.0,1845000000.0,1845000000.0,1845000000.0,0.0,25000000.0,0.178,2512000000.0,2365000000.0,2230000000.0,0.667,4.247,18.188,18.366,3521000000.0,0.0,52.16,3.243,3.243,4014000000.0,21583000000.0,10349000000.0,10349000000.0,0.0,0.084,0.237,0.261,0.263,0.0,2345000000.0,1.0,643351041.0,643351041.0,,16.086,14004000000.0,0.0,693000000.0,79000000.0,21.767,1894000000.0
21,EMR,MRT,2016-03-31,2016-03-31,2016-03-31,2021-09-07,-1582000000.0,21764000000.0,22217000000.0,9913000000.0,11851000000.0,0.548,11.961,-439000000.0,3322000000.0,3322000000.0,6660000000.0,1955000000.0,1.212,1.823,7294000000.0,3232000000.0,4062000000.0,7294000000.0,0.0,447000000.0,0.0,0.035,1.89,2822000000.0,3269000000.0,0.268,3269000000.0,2822000000.0,2640000000.0,2.94,2.92,2.94,7692000000.0,7994500000.0,7692000000.0,39315636769.0,14.0,12.027,2367000000.0,3.681,1.0,5518000000.0,0.453,8079000000.0,182000000.0,9475000000.0,10778250000.0,1950000000.0,0.0,0.0,0.0,14021000000.0,8182000000.0,5839000000.0,34972636769.0,66000000.0,105000000.0,-1705000000.0,689000000.0,-1238000000.0,-2258000000.0,-398000000.0,0.0,2806000000.0,-84000000.0,1930000000.0,1930000000.0,1930000000.0,0.0,25000000.0,0.158,3019000000.0,2499000000.0,2140000000.0,0.643,4.547,18.121,18.497,3523000000.0,0.0,54.38,2.872,2.872,3874000000.0,21410000000.0,12178000000.0,12178000000.0,0.0,0.087,0.241,0.262,0.232,0.0,2769000000.0,1.0,643115792.0,643115792.0,,18.936,13685000000.0,0.0,710000000.0,88000000.0,21.279,1731000000.0
22,EMR,MRT,2015-12-31,2015-12-31,2015-12-31,2021-09-07,-1738000000.0,21552000000.0,22518000000.0,9694000000.0,11858000000.0,0.622,11.391,-505000000.0,3109000000.0,3109000000.0,7857000000.0,2557000000.0,1.182,1.885,7452000000.0,3409000000.0,4043000000.0,7452000000.0,0.0,510000000.0,0.0,0.039,1.885,3868000000.0,4378000000.0,0.313,4378000000.0,3868000000.0,3692000000.0,3.79,3.77,3.79,7456000000.0,8301000000.0,7456000000.0,35095468054.0,9.0,8.016,1940000000.0,2.964,1.0,6142000000.0,0.439,8068000000.0,176000000.0,9625000000.0,10712500000.0,1903000000.0,0.0,0.0,0.0,14055000000.0,8202000000.0,5853000000.0,31307468054.0,-13000000.0,1517000000.0,-2499000000.0,703000000.0,-1253000000.0,-3013000000.0,804000000.0,0.0,2445000000.0,-249000000.0,2534000000.0,2534000000.0,2534000000.0,0.0,23000000.0,0.181,3529000000.0,2613000000.0,2075000000.0,0.497,4.199,12.355,12.62,3520000000.0,0.0,47.83,2.236,2.236,3842000000.0,21347000000.0,13999000000.0,13999000000.0,0.0,0.113,0.305,0.361,0.276,0.0,3209000000.0,1.0,654557141.0,654557141.0,,21.387,13484000000.0,0.0,1158000000.0,102000000.0,20.6,1492000000.0
23,EMR,MRT,2015-09-30,2015-09-30,2015-09-30,2021-09-07,-1617000000.0,22088000000.0,23061000000.0,10049000000.0,12039000000.0,0.705,12.297,-588000000.0,3054000000.0,3054000000.0,9241000000.0,2733000000.0,1.288,1.728,6841000000.0,2552000000.0,4289000000.0,6841000000.0,0.0,573000000.0,0.0,0.043,1.88,4152000000.0,4725000000.0,0.291,4725000000.0,4152000000.0,3977000000.0,4.01,3.99,4.01,8081000000.0,8815250000.0,8081000000.0,33101884357.0,8.0,7.006,1941000000.0,2.954,1.0,7008000000.0,0.431,4785000000.0,175000000.0,13290000000.0,10783500000.0,1265000000.0,0.0,0.0,0.0,13960000000.0,7800000000.0,6160000000.0,29025884357.0,-95000000.0,1400000000.0,-2501000000.0,841000000.0,-1269000000.0,-2948000000.0,591000000.0,0.0,2529000000.0,-267000000.0,2710000000.0,2710000000.0,2710000000.0,0.0,23000000.0,0.167,4065000000.0,2943000000.0,1537000000.0,0.469,3.592,10.711,11.015,2929000000.0,0.0,44.17,1.786,1.786,2870000000.0,21308000000.0,16249000000.0,16249000000.0,0.0,0.118,0.307,0.385,0.256,0.0,3735000000.0,1.0,657140239.0,657140239.0,,24.727,17303000000.0,0.0,1267000000.0,87000000.0,26.331,2249000000.0
24,EMR,MRT,2015-06-30,2015-06-30,2015-06-30,2021-09-07,-1056000000.0,23464000000.0,23583250000.0,10644000000.0,12820000000.0,0.699,13.091,-594000000.0,3393000000.0,3393000000.0,9320000000.0,2497000000.0,1.281,1.676,7469000000.0,3179000000.0,4290000000.0,7469000000.0,0.0,559000000.0,0.0,0.033,1.84,3920000000.0,4479000000.0,0.272,4479000000.0,3920000000.0,3745000000.0,3.61,3.59,3.61,8749000000.0,9324750000.0,8749000000.0,40418149808.0,10.0,9.024,2242000000.0,3.355,1.0,7173000000.0,0.435,8505000000.0,175000000.0,10723000000.0,9892750000.0,2144000000.0,0.0,0.0,0.0,14665000000.0,8312000000.0,6353000000.0,37044149808.0,344000000.0,1142000000.0,-2306000000.0,924000000.0,-1260000000.0,-2656000000.0,414000000.0,0.0,2836000000.0,-250000000.0,2472000000.0,2472000000.0,2472000000.0,0.0,25000000.0,0.15,4106000000.0,3067000000.0,2402000000.0,0.51,4.234,14.985,15.355,3610000000.0,0.0,55.43,2.246,2.246,4272000000.0,20969000000.0,16493000000.0,16493000000.0,0.0,0.105,0.265,0.396,0.238,0.0,3901000000.0,1.0,668305066.0,668305066.0,,24.679,14959000000.0,0.0,1273000000.0,53000000.0,22.383,2332000000.0
25,EMR,MRT,2015-03-31,2015-03-31,2015-03-31,2021-09-07,-1273000000.0,22968000000.0,23996000000.0,10344000000.0,12624000000.0,0.721,13.015,-613000000.0,3256000000.0,3256000000.0,9725000000.0,2661000000.0,1.179,1.57,6630000000.0,3358000000.0,3272000000.0,6630000000.0,0.0,562000000.0,0.0,0.032,1.8,4202000000.0,4764000000.0,0.275,4764000000.0,4202000000.0,4021000000.0,3.8,3.78,3.8,8918000000.0,9842500000.0,8918000000.0,42447131012.0,10.0,8.91,2742000000.0,4.002,1.0,7577000000.0,0.438,8360000000.0,181000000.0,9212000000.0,9809000000.0,2107000000.0,0.0,0.0,0.0,14000000000.0,8770000000.0,5230000000.0,38796131012.0,532000000.0,1201000000.0,-1803000000.0,128000000.0,-1251000000.0,-2930000000.0,402000000.0,0.0,3355000000.0,-295000000.0,2636000000.0,2636000000.0,2636000000.0,0.0,25000000.0,0.152,4228000000.0,3349000000.0,2407000000.0,0.474,4.35,14.718,14.9,3570000000.0,0.0,56.62,2.242,2.242,4299000000.0,20718000000.0,17302000000.0,17302000000.0,0.0,0.11,0.268,0.428,0.243,0.0,4049000000.0,1.0,685201890.0,685201890.0,,25.251,14608000000.0,0.0,1385000000.0,410000000.0,21.319,1574000000.0
26,EMR,MRT,2014-12-31,2014-12-31,2014-12-31,2021-09-07,-875000000.0,23724000000.0,24340500000.0,10483000000.0,13241000000.0,0.728,13.715,-622000000.0,3122000000.0,3122000000.0,9908000000.0,2236000000.0,1.181,1.489,6773000000.0,3484000000.0,3289000000.0,6773000000.0,0.0,567000000.0,0.0,0.029,1.76,3421000000.0,3988000000.0,0.225,3988000000.0,3421000000.0,3233000000.0,3.16,3.13,3.16,9513000000.0,10232250000.0,9513000000.0,45693076821.0,13.0,11.458,2950000000.0,4.253,1.0,7806000000.0,0.441,8589000000.0,188000000.0,9909000000.0,10156500000.0,2121000000.0,0.0,0.0,0.0,14168000000.0,8877000000.0,5291000000.0,42818076821.0,385000000.0,-188000000.0,-1167000000.0,969000000.0,-1232000000.0,-2030000000.0,-980000000.0,0.0,3572000000.0,-177000000.0,2210000000.0,2210000000.0,2210000000.0,0.0,26000000.0,0.125,4305000000.0,3501000000.0,2468000000.0,0.557,4.501,19.375,19.535,3631000000.0,0.0,61.73,2.417,2.417,4404000000.0,20066000000.0,17714000000.0,17714000000.0,0.0,0.091,0.216,0.337,0.193,0.0,4125000000.0,1.0,693634810.0,693634810.0,,25.538,15135000000.0,0.0,1023000000.0,285000000.0,21.82,1606000000.0
27,EMR,MRT,2014-09-30,2014-09-30,2014-09-30,2021-09-07,-575000000.0,24177000000.0,24440500000.0,10867000000.0,13310000000.0,0.726,14.499,-651000000.0,3149000000.0,3149000000.0,9971000000.0,2184000000.0,1.285,1.385,6024000000.0,2465000000.0,3559000000.0,6024000000.0,0.0,569000000.0,0.0,0.027,1.72,3296000000.0,3865000000.0,0.218,3865000000.0,3296000000.0,3100000000.0,3.05,3.03,3.05,10119000000.0,10539250000.0,10119000000.0,47166536282.0,14.0,12.204,3041000000.0,4.357,1.0,7762000000.0,0.438,8871000000.0,196000000.0,9727000000.0,10269500000.0,2057000000.0,0.0,0.0,0.0,14010000000.0,8454000000.0,5556000000.0,43675536282.0,-126000000.0,-353000000.0,-1048000000.0,294000000.0,-1210000000.0,-2559000000.0,-1159000000.0,0.0,3692000000.0,-100000000.0,2147000000.0,2147000000.0,2147000000.0,0.0,37000000.0,0.121,4375000000.0,3387000000.0,2951000000.0,0.564,4.316,20.343,20.518,3802000000.0,0.0,62.58,2.463,2.463,5019000000.0,19867000000.0,17733000000.0,17733000000.0,0.0,0.088,0.204,0.321,0.186,0.0,4164000000.0,1.0,697915249.0,697915249.0,,25.409,15306000000.0,0.0,953000000.0,162000000.0,21.931,2413000000.0
28,EMR,MRT,2014-06-30,2014-06-30,2014-06-30,2021-09-07,-52000000.0,25115000000.0,24574000000.0,10813000000.0,14302000000.0,0.999,15.419,-814000000.0,3049000000.0,3049000000.0,14469000000.0,2577000000.0,1.267,1.316,6540000000.0,2975000000.0,3565000000.0,6540000000.0,0.0,830000000.0,0.0,0.026,1.7,3871000000.0,4701000000.0,0.192,4701000000.0,3871000000.0,3668000000.0,3.57,3.55,3.57,10820000000.0,10655750000.0,10820000000.0,50340737282.0,13.0,10.709,2916000000.0,4.155,1.0,10073000000.0,0.41,9685000000.0,203000000.0,10388000000.0,10405750000.0,2253000000.0,0.0,0.0,0.0,14242000000.0,8533000000.0,5709000000.0,46567737282.0,239000000.0,-345000000.0,-1320000000.0,909000000.0,-1203000000.0,-2210000000.0,-1285000000.0,0.0,3730000000.0,4000000.0,2532000000.0,2532000000.0,2532000000.0,0.0,45000000.0,0.103,6157000000.0,3916000000.0,2645000000.0,0.476,4.304,18.392,18.588,3737000000.0,0.0,66.36,1.897,1.897,4772000000.0,19757000000.0,24542000000.0,24542000000.0,0.0,0.103,0.238,0.372,0.158,0.0,5694000000.0,1.0,701744082.0,701744082.0,,34.973,15430000000.0,0.0,1136000000.0,177000000.0,21.988,2280000000.0
29,EMR,MRT,2014-03-31,2014-03-31,2014-03-31,2021-09-07,-128000000.0,24346000000.0,24173500000.0,10203000000.0,14143000000.0,1.017,14.904,-778000000.0,2724000000.0,2724000000.0,14571000000.0,2053000000.0,1.303,1.319,6497000000.0,2661000000.0,3836000000.0,6497000000.0,0.0,827000000.0,0.0,0.025,1.68,3305000000.0,4132000000.0,0.168,4132000000.0,3305000000.0,3097000000.0,2.81,2.79,2.81,10477000000.0,10479750000.0,10477000000.0,50014452375.0,15.0,12.104,2924000000.0,4.159,1.0,10003000000.0,0.407,9685000000.0,208000000.0,10602000000.0,10330250000.0,2233000000.0,0.0,0.0,0.0,13821000000.0,7832000000.0,5989000000.0,46959452375.0,109000000.0,-327000000.0,-1435000000.0,868000000.0,-1194000000.0,-2377000000.0,-1207000000.0,0.0,3702000000.0,-9000000.0,1998000000.0,1998000000.0,1998000000.0,0.0,55000000.0,0.081,6643000000.0,3360000000.0,2522000000.0,0.598,4.482,23.503,23.772,3692000000.0,0.0,66.8,1.911,1.911,4563000000.0,19333000000.0,24574000000.0,24574000000.0,0.0,0.083,0.191,0.32,0.134,0.0,5666000000.0,1.0,702985814.0,702985814.0,,34.957,14661000000.0,0.0,1099000000.0,66000000.0,20.855,2371000000.0
30,EMR,MRT,2013-12-31,2013-12-31,2013-12-31,2021-09-07,-146000000.0,24124000000.0,24018000000.0,9999000000.0,14125000000.0,1.029,15.258,-714000000.0,2737000000.0,2737000000.0,14741000000.0,2077000000.0,1.407,1.233,5792000000.0,1958000000.0,3834000000.0,5792000000.0,0.0,822000000.0,0.0,0.024,1.66,3319000000.0,4141000000.0,0.168,4141000000.0,3319000000.0,3101000000.0,2.8,2.79,2.8,10741000000.0,10493500000.0,10741000000.0,51771228470.0,16.0,12.502,2987000000.0,4.243,1.0,9981000000.0,0.404,9710000000.0,218000000.0,10361000000.0,10246750000.0,2162000000.0,0.0,0.0,0.0,13241000000.0,7108000000.0,6133000000.0,49404228470.0,210000000.0,-327000000.0,-1387000000.0,262000000.0,-1188000000.0,-2350000000.0,-1125000000.0,0.0,3701000000.0,-16000000.0,2012000000.0,2012000000.0,2012000000.0,0.0,65000000.0,0.081,6597000000.0,3384000000.0,2425000000.0,0.593,4.6,24.555,25.064,3639000000.0,0.0,70.18,1.998,1.998,4429000000.0,19088000000.0,24722000000.0,24722000000.0,0.0,0.084,0.192,0.324,0.134,0.0,5698000000.0,1.0,703964498.0,703964498.0,,35.118,14414000000.0,0.0,1089000000.0,199000000.0,20.475,2891000000.0
31,EMR,MRT,2013-09-30,2013-09-30,2013-09-30,2021-09-07,-189000000.0,24711000000.0,23929750000.0,10999000000.0,13712000000.0,1.031,14.814,-678000000.0,3275000000.0,3275000000.0,14717000000.0,2066000000.0,1.442,1.322,5642000000.0,1587000000.0,4055000000.0,5642000000.0,0.0,819000000.0,0.0,0.025,1.64,3352000000.0,4171000000.0,0.169,4171000000.0,3352000000.0,3134000000.0,2.78,2.76,2.78,10585000000.0,10427750000.0,10585000000.0,48965184427.0,15.0,11.739,2971000000.0,4.158,1.0,9952000000.0,0.403,9181000000.0,218000000.0,10272000000.0,10063750000.0,1895000000.0,0.0,0.0,0.0,13993000000.0,7625000000.0,6368000000.0,46230184427.0,908000000.0,-16000000.0,-1110000000.0,349000000.0,-1181000000.0,-1933000000.0,-789000000.0,0.0,3649000000.0,-19000000.0,2004000000.0,2004000000.0,2004000000.0,0.0,62000000.0,0.081,6538000000.0,3414000000.0,2725000000.0,0.59,4.368,23.069,23.273,3605000000.0,0.0,64.7,1.874,1.874,4808000000.0,18930000000.0,24669000000.0,24669000000.0,0.0,0.084,0.192,0.333,0.136,0.0,5648000000.0,1.0,714531444.0,714531444.0,,34.525,15530000000.0,0.0,1130000000.0,129000000.0,21.735,3374000000.0
32,EMR,MRT,2013-06-30,2013-06-30,2013-06-30,2021-09-07,-745000000.0,23513000000.0,23706500000.0,10506000000.0,13007000000.0,1.036,14.072,-674000000.0,2810000000.0,2810000000.0,14660000000.0,1558000000.0,1.512,1.31,5545000000.0,1486000000.0,4059000000.0,5545000000.0,0.0,818000000.0,0.0,0.03,1.63,2760000000.0,3578000000.0,0.146,3578000000.0,2760000000.0,2541000000.0,2.06,2.05,2.06,10116000000.0,10355250000.0,10116000000.0,42135767840.0,15.0,11.776,2840000000.0,3.951,1.0,9897000000.0,0.403,9212000000.0,219000000.0,10086000000.0,9932500000.0,2304000000.0,0.0,0.0,0.0,13249000000.0,6950000000.0,6299000000.0,39206767840.0,518000000.0,99000000.0,-843000000.0,-306000000.0,-1178000000.0,-2299000000.0,-690000000.0,0.0,3514000000.0,-7000000.0,1491000000.0,1491000000.0,1491000000.0,0.0,67000000.0,0.061,7070000000.0,2827000000.0,2614000000.0,0.791,3.876,26.296,26.476,3475000000.0,0.0,54.54,1.597,1.597,4725000000.0,18428000000.0,24557000000.0,24557000000.0,0.0,0.063,0.144,0.278,0.112,0.0,5601000000.0,1.0,718862630.0,718862630.0,,34.161,14301000000.0,0.0,1050000000.0,67000000.0,19.894,3556000000.0
33,EMR,MRT,2013-03-31,2013-03-31,2013-03-31,2021-09-07,-708000000.0,23724000000.0,23909750000.0,10189000000.0,13535000000.0,1.033,14.586,-675000000.0,2615000000.0,2615000000.0,14740000000.0,2131000000.0,1.534,1.239,5544000000.0,1485000000.0,4059000000.0,5544000000.0,0.0,828000000.0,0.0,0.029,1.62,3407000000.0,4235000000.0,0.171,4235000000.0,3407000000.0,3188000000.0,2.84,2.82,2.84,10532000000.0,10456000000.0,10532000000.0,43269197447.0,13.0,10.217,2695000000.0,3.732,1.0,9957000000.0,0.403,9741000000.0,219000000.0,10268000000.0,9884000000.0,2327000000.0,0.0,0.0,0.0,13050000000.0,6644000000.0,6406000000.0,40342197447.0,462000000.0,108000000.0,-739000000.0,-302000000.0,-1176000000.0,-2195000000.0,-651000000.0,0.0,3370000000.0,-62000000.0,2067000000.0,2067000000.0,2067000000.0,0.0,64000000.0,0.084,6486000000.0,3471000000.0,2460000000.0,0.57,3.83,19.517,19.673,3481000000.0,0.0,55.87,1.633,1.633,4559000000.0,18529000000.0,24697000000.0,24697000000.0,0.0,0.086,0.198,0.345,0.138,0.0,5543000000.0,1.0,722072623.0,722072623.0,,34.203,13983000000.0,0.0,1121000000.0,48000000.0,19.365,3545000000.0
34,EMR,MRT,2012-12-31,2012-12-31,2012-12-31,2021-09-07,-617000000.0,23771000000.0,24012250000.0,10086000000.0,13685000000.0,1.027,14.47,-735000000.0,2527000000.0,2527000000.0,14736000000.0,2109000000.0,1.4,1.255,5454000000.0,1912000000.0,3542000000.0,5454000000.0,0.0,825000000.0,0.0,0.03,1.61,3397000000.0,4222000000.0,0.171,4222000000.0,3397000000.0,3177000000.0,2.81,2.79,2.81,10478000000.0,10450750000.0,10478000000.0,41276419711.0,12.0,9.777,2623000000.0,3.622,1.0,9920000000.0,0.402,9866000000.0,220000000.0,9629000000.0,9842000000.0,2308000000.0,0.0,0.0,0.0,13153000000.0,7203000000.0,5950000000.0,38350419711.0,451000000.0,-59000000.0,-666000000.0,-166000000.0,-1174000000.0,-1987000000.0,-885000000.0,0.0,3358000000.0,-35000000.0,2051000000.0,2051000000.0,2051000000.0,0.0,58000000.0,0.083,6465000000.0,3455000000.0,2431000000.0,0.573,3.66,18.698,18.847,3503000000.0,0.0,52.96,1.555,1.555,4556000000.0,18264000000.0,24656000000.0,24656000000.0,0.0,0.085,0.196,0.345,0.138,0.0,5476000000.0,1.0,724139345.0,724139345.0,,34.049,13905000000.0,0.0,1126000000.0,212000000.0,19.202,2883000000.0
35,EMR,MRT,2012-09-30,2012-09-30,2012-09-30,2021-09-07,-731000000.0,23818000000.0,23930500000.0,10126000000.0,13692000000.0,1.02,14.155,-665000000.0,2367000000.0,2367000000.0,14644000000.0,2024000000.0,1.42,1.299,5293000000.0,1506000000.0,3787000000.0,5293000000.0,0.0,823000000.0,0.0,0.033,1.6,3283000000.0,4106000000.0,0.168,4106000000.0,3283000000.0,3059000000.0,2.68,2.67,2.68,10295000000.0,10378750000.0,10295000000.0,38664916882.0,12.0,9.417,2388000000.0,3.283,1.0,9768000000.0,0.4,9864000000.0,224000000.0,9747000000.0,9894000000.0,2125000000.0,0.0,0.0,0.0,13376000000.0,7133000000.0,6243000000.0,35107916882.0,315000000.0,-62000000.0,-797000000.0,90000000.0,-1171000000.0,-1899000000.0,-806000000.0,0.0,3053000000.0,-33000000.0,1968000000.0,1968000000.0,1968000000.0,0.0,56000000.0,0.081,6429000000.0,3339000000.0,2767000000.0,0.597,3.41,17.839,18.011,3509000000.0,0.0,48.27,1.438,1.438,4983000000.0,18107000000.0,24412000000.0,24412000000.0,0.0,0.082,0.19,0.332,0.134,0.0,5436000000.0,1.0,727323739.0,727323739.0,,33.564,13954000000.0,0.0,1091000000.0,128000000.0,19.185,2993000000.0
36,EMR,MRT,2012-06-30,2012-06-30,2012-06-30,2021-09-07,-767000000.0,24326000000.0,23941250000.0,10003000000.0,14323000000.0,1.013,14.339,-672000000.0,2292000000.0,2292000000.0,14648000000.0,2498000000.0,1.352,1.299,5849000000.0,2060000000.0,3789000000.0,5849000000.0,0.0,834000000.0,0.0,0.033,1.545,3806000000.0,4640000000.0,0.191,4640000000.0,3806000000.0,3590000000.0,3.3,3.29,3.3,10519000000.0,10404750000.0,10519000000.0,37864337436.0,10.0,8.16,2325000000.0,3.169,1.0,9609000000.0,0.396,10595000000.0,216000000.0,9892000000.0,9908500000.0,2367000000.0,0.0,0.0,0.0,13661000000.0,7396000000.0,6265000000.0,34171337436.0,511000000.0,-79000000.0,-967000000.0,632000000.0,-1139000000.0,-1521000000.0,-821000000.0,0.0,2997000000.0,-144000000.0,2447000000.0,2447000000.0,2447000000.0,-26000000.0,51000000.0,0.101,5778000000.0,3831000000.0,2617000000.0,0.468,3.249,13.965,14.115,3418000000.0,0.0,46.58,1.409,1.409,4601000000.0,18115000000.0,24257000000.0,24257000000.0,0.0,0.102,0.235,0.384,0.157,0.0,5390000000.0,1.0,733605355.0,733605355.0,,33.065,13731000000.0,0.0,1143000000.0,158000000.0,18.717,2607000000.0
37,EMR,MRT,2012-03-31,2012-03-31,2012-03-31,2021-09-07,-496000000.0,24134000000.0,23885750000.0,9544000000.0,14590000000.0,1.007,14.312,-726000000.0,2153000000.0,2153000000.0,14582000000.0,2409000000.0,1.378,1.282,5846000000.0,1828000000.0,4018000000.0,5846000000.0,0.0,838000000.0,0.0,0.029,1.49,3650000000.0,4488000000.0,0.187,4488000000.0,3650000000.0,3429000000.0,3.16,3.15,3.16,10511000000.0,10486000000.0,10511000000.0,41865880603.0,11.0,9.328,2328000000.0,3.17,1.0,9479000000.0,0.394,10802000000.0,221000000.0,10100000000.0,9981000000.0,2402000000.0,0.0,0.0,0.0,13479000000.0,6925000000.0,6554000000.0,38322880603.0,560000000.0,-110000000.0,-1088000000.0,718000000.0,-1105000000.0,-1513000000.0,-918000000.0,0.0,3054000000.0,-63000000.0,2360000000.0,2360000000.0,2360000000.0,-26000000.0,49000000.0,0.098,5806000000.0,3673000000.0,2419000000.0,0.472,3.646,16.239,16.513,3449000000.0,0.0,52.18,1.593,1.593,4319000000.0,17638000000.0,24061000000.0,24061000000.0,0.0,0.099,0.225,0.366,0.152,0.0,5415000000.0,1.0,734436194.0,734436194.0,,32.761,13332000000.0,0.0,1069000000.0,178000000.0,18.153,2619000000.0
38,EMR,MRT,2011-12-31,2011-12-31,2011-12-31,2021-09-07,-629000000.0,23444000000.0,23736000000.0,9075000000.0,14369000000.0,1.011,13.85,-695000000.0,2076000000.0,2076000000.0,14547000000.0,2420000000.0,1.389,1.287,5619000000.0,1578000000.0,4041000000.0,5619000000.0,0.0,852000000.0,0.0,0.031,1.435,3668000000.0,4520000000.0,0.188,4520000000.0,3668000000.0,3448000000.0,3.16,3.14,3.16,10190000000.0,10519500000.0,10190000000.0,37427575541.0,10.0,8.28,2550000000.0,3.466,1.0,9449000000.0,0.394,10616000000.0,220000000.0,9837000000.0,9976250000.0,2317000000.0,0.0,0.0,0.0,13111000000.0,6534000000.0,6577000000.0,34278575541.0,583000000.0,-90000000.0,-1128000000.0,459000000.0,-1072000000.0,-1776000000.0,-851000000.0,0.0,3245000000.0,-35000000.0,2371000000.0,2371000000.0,2371000000.0,-26000000.0,49000000.0,0.099,5758000000.0,3691000000.0,2302000000.0,0.454,3.364,14.457,14.744,3415000000.0,0.0,46.59,1.429,1.429,4040000000.0,17387000000.0,23996000000.0,23996000000.0,0.0,0.1,0.225,0.368,0.153,0.0,5371000000.0,1.0,735749636.0,735749636.0,,32.614,12828000000.0,0.0,1077000000.0,170000000.0,17.435,2541000000.0
39,EMR,MRT,2011-09-30,2011-09-30,2011-09-30,2021-09-07,-562000000.0,23861000000.0,23550750000.0,9345000000.0,14516000000.0,1.029,13.964,-647000000.0,2052000000.0,2052000000.0,14665000000.0,2530000000.0,1.445,1.28,5201000000.0,877000000.0,4324000000.0,5201000000.0,0.0,867000000.0,0.0,0.033,1.38,3830000000.0,4697000000.0,0.194,4697000000.0,3830000000.0,3607000000.0,3.29,3.27,3.29,10399000000.0,10514500000.0,10399000000.0,34197754173.0,9.0,7.281,2586000000.0,3.473,1.0,9557000000.0,0.395,10740000000.0,223000000.0,9805000000.0,10017000000.0,2100000000.0,0.0,0.0,0.0,13310000000.0,6465000000.0,6845000000.0,30763754173.0,460000000.0,-129000000.0,-935000000.0,129000000.0,-1039000000.0,-1887000000.0,-848000000.0,0.0,3233000000.0,-38000000.0,2480000000.0,2480000000.0,2480000000.0,-26000000.0,50000000.0,0.102,5703000000.0,3854000000.0,2677000000.0,0.419,2.958,12.405,12.556,3437000000.0,0.0,41.31,1.27,1.27,4502000000.0,17310000000.0,24222000000.0,24222000000.0,0.0,0.105,0.236,0.382,0.158,0.0,5328000000.0,1.0,744704773.0,744704773.0,,32.526,13121000000.0,0.0,1127000000.0,139000000.0,17.619,2880000000.0
40,EMR,MRT,2011-06-30,2011-06-30,2011-06-30,2021-09-07,-74000000.0,24104000000.0,23296250000.0,9283000000.0,14821000000.0,1.01,14.427,-627000000.0,1781000000.0,1781000000.0,14220000000.0,2517000000.0,1.472,1.209,5215000000.0,862000000.0,4353000000.0,5215000000.0,0.0,861000000.0,0.0,0.024,1.37,3743000000.0,4604000000.0,0.196,4604000000.0,3743000000.0,3504000000.0,3.27,3.24,3.27,10844000000.0,10362750000.0,10844000000.0,45812519794.0,12.0,9.951,2621000000.0,3.487,1.0,9298000000.0,0.395,11048000000.0,239000000.0,10182000000.0,9981250000.0,2422000000.0,0.0,0.0,0.0,13105000000.0,6308000000.0,6797000000.0,42281519794.0,-1643000000.0,-853000000.0,-524000000.0,-1838000000.0,-1034000000.0,-3470000000.0,-1535000000.0,0.0,3248000000.0,114000000.0,2468000000.0,2468000000.0,2468000000.0,9000000.0,49000000.0,0.105,5683000000.0,3615000000.0,2633000000.0,0.419,3.899,17.132,17.202,3382000000.0,0.0,56.25,1.798,1.798,4443000000.0,16807000000.0,23518000000.0,23518000000.0,0.0,0.106,0.238,0.375,0.159,0.0,5301000000.0,1.0,751671463.0,751671463.0,,31.288,13056000000.0,0.0,1036000000.0,156000000.0,17.369,2975000000.0
41,EMR,MRT,2011-03-31,2011-03-31,2011-03-31,2021-09-07,-150000000.0,23535000000.0,23009750000.0,8798000000.0,14737000000.0,0.984,14.116,-554000000.0,1593000000.0,1593000000.0,13683000000.0,2420000000.0,1.483,1.196,5124000000.0,771000000.0,4353000000.0,5124000000.0,0.0,849000000.0,0.0,0.023,1.36,3625000000.0,4474000000.0,0.198,4474000000.0,3625000000.0,3378000000.0,3.14,3.11,3.14,10645000000.0,9883000000.0,10645000000.0,47721852974.0,13.0,10.666,2494000000.0,3.307,1.0,8964000000.0,0.396,11051000000.0,247000000.0,10081000000.0,10325000000.0,2324000000.0,0.0,0.0,0.0,12730000000.0,5934000000.0,6796000000.0,44062852974.0,-566000000.0,-843000000.0,-252000000.0,-902000000.0,-1027000000.0,-2196000000.0,-1457000000.0,0.0,3048000000.0,39000000.0,2370000000.0,2370000000.0,2370000000.0,5000000.0,50000000.0,0.105,5470000000.0,3494000000.0,2463000000.0,0.433,4.139,18.592,18.608,3303000000.0,0.0,58.43,1.946,1.946,4231000000.0,16383000000.0,22647000000.0,22647000000.0,0.0,0.103,0.24,0.351,0.16,0.0,5106000000.0,1.0,754113520.0,754113520.0,,30.031,12484000000.0,0.0,1008000000.0,118000000.0,16.555,2864000000.0
42,EMR,MRT,2010-12-31,2010-12-31,2010-12-31,2021-09-07,-432000000.0,22703000000.0,22556000000.0,8305000000.0,14398000000.0,0.964,13.512,-517000000.0,1493000000.0,1493000000.0,13125000000.0,2271000000.0,1.483,1.217,5152000000.0,800000000.0,4352000000.0,5152000000.0,0.0,839000000.0,0.0,0.024,1.35,3398000000.0,4237000000.0,0.195,4237000000.0,3398000000.0,3141000000.0,2.94,2.91,2.94,10170000000.0,9435500000.0,10170000000.0,46503406807.0,14.0,10.976,2410000000.0,3.202,1.0,8621000000.0,0.396,10762000000.0,257000000.0,10000000000.0,10750250000.0,2207000000.0,0.0,0.0,0.0,12380000000.0,5600000000.0,6780000000.0,43029406807.0,-347000000.0,-735000000.0,-151000000.0,-820000000.0,-1019000000.0,-1963000000.0,-1302000000.0,0.0,2927000000.0,-9000000.0,2219000000.0,2219000000.0,2219000000.0,8000000.0,52000000.0,0.102,5349000000.0,3272000000.0,2243000000.0,0.459,4.231,19.391,19.446,3255000000.0,0.0,57.17,1.979,1.979,3956000000.0,16088000000.0,21746000000.0,21746000000.0,0.0,0.098,0.235,0.316,0.156,0.0,4994000000.0,1.0,752657107.0,752657107.0,,28.892,11941000000.0,0.0,922000000.0,110000000.0,15.865,2705000000.0
43,EMR,MRT,2010-09-30,2010-09-30,2010-09-30,2021-09-07,-426000000.0,22843000000.0,22252500000.0,8363000000.0,14480000000.0,0.945,13.014,-524000000.0,1592000000.0,1592000000.0,12713000000.0,2217000000.0,1.43,1.316,5066000000.0,480000000.0,4586000000.0,5066000000.0,0.0,816000000.0,0.0,0.025,1.34,3273000000.0,4089000000.0,0.194,4089000000.0,3273000000.0,3012000000.0,2.87,2.84,2.87,9792000000.0,9090750000.0,9792000000.0,43073846355.0,13.0,10.534,2768000000.0,3.679,1.0,8326000000.0,0.396,10806000000.0,261000000.0,9662000000.0,11249000000.0,2105000000.0,0.0,0.0,0.0,12891000000.0,5849000000.0,7042000000.0,39621846355.0,32000000.0,-1997000000.0,-100000000.0,316000000.0,-1009000000.0,-726000000.0,-2517000000.0,0.0,3292000000.0,-17000000.0,2164000000.0,2164000000.0,2164000000.0,0.0,53000000.0,0.103,5186000000.0,3140000000.0,2409000000.0,0.467,4.046,18.31,18.348,3287000000.0,0.0,52.66,1.883,1.883,3989000000.0,15869000000.0,21039000000.0,21039000000.0,0.0,0.097,0.238,0.291,0.156,0.0,4817000000.0,1.0,752408780.0,752408780.0,,27.962,12037000000.0,0.0,848000000.0,96000000.0,15.998,2514000000.0
44,EMR,MRT,2010-06-30,2010-06-30,2010-06-30,2021-09-07,-792000000.0,22958000000.0,21482500000.0,9958000000.0,13000000000.0,0.917,11.85,-443000000.0,3424000000.0,3424000000.0,11823000000.0,1976000000.0,1.372,1.554,6876000000.0,2290000000.0,4586000000.0,6876000000.0,0.0,790000000.0,0.0,0.031,1.335,2921000000.0,3711000000.0,0.188,3711000000.0,2921000000.0,2662000000.0,2.56,2.53,2.56,8925000000.0,8781500000.0,8925000000.0,36596987601.0,13.0,9.862,2931000000.0,3.892,1.0,7884000000.0,0.4,7596000000.0,259000000.0,11557000000.0,11233500000.0,2114000000.0,0.0,0.0,0.0,13869000000.0,7257000000.0,6612000000.0,32905987601.0,2042000000.0,-1409000000.0,-71000000.0,1568000000.0,-1005000000.0,579000000.0,-1859000000.0,0.0,3374000000.0,-52000000.0,1921000000.0,1921000000.0,1921000000.0,-1000000.0,55000000.0,0.097,4926000000.0,2958000000.0,2228000000.0,0.521,3.687,17.13,17.066,3289000000.0,0.0,43.69,1.67,1.67,3793000000.0,15373000000.0,19707000000.0,19707000000.0,0.0,0.089,0.219,0.26,0.148,0.0,4520000000.0,1.0,753169778.0,753169778.0,,26.165,15362000000.0,0.0,741000000.0,123000000.0,20.396,2701000000.0
45,EMR,MRT,2010-03-31,2010-03-31,2010-03-31,2021-09-07,-558000000.0,21720000000.0,20824000000.0,8508000000.0,13212000000.0,0.931,11.768,-437000000.0,2159000000.0,2159000000.0,11823000000.0,1773000000.0,1.418,1.436,5850000000.0,1269000000.0,4581000000.0,5850000000.0,0.0,771000000.0,0.0,0.026,1.33,2613000000.0,3384000000.0,0.175,3384000000.0,2613000000.0,2353000000.0,2.3,2.27,2.3,8855000000.0,8715250000.0,8855000000.0,41836097761.0,16.0,12.363,3150000000.0,4.186,1.0,7558000000.0,0.39,7630000000.0,260000000.0,11782000000.0,11412750000.0,2075000000.0,0.0,0.0,0.0,12715000000.0,5999000000.0,6716000000.0,37878097761.0,652000000.0,-1679000000.0,-24000000.0,207000000.0,-1000000000.0,-841000000.0,-2128000000.0,0.0,3587000000.0,34000000.0,1723000000.0,1723000000.0,1723000000.0,3000000.0,50000000.0,0.089,4909000000.0,2649000000.0,2122000000.0,0.578,4.278,21.984,21.887,3367000000.0,0.0,50.34,1.954,1.954,3654000000.0,15040000000.0,19381000000.0,19381000000.0,0.0,0.083,0.198,0.229,0.135,0.0,4441000000.0,1.0,752445327.0,752445327.0,,25.757,14090000000.0,0.0,630000000.0,52000000.0,18.726,2509000000.0
46,EMR,MRT,2009-12-31,2009-12-31,2009-12-31,2021-09-07,-466000000.0,21489000000.0,20391750000.0,8063000000.0,13426000000.0,0.957,11.688,-488000000.0,1840000000.0,1840000000.0,12083000000.0,1737000000.0,1.389,1.428,5798000000.0,1240000000.0,4558000000.0,5798000000.0,0.0,747000000.0,0.0,0.031,1.325,2559000000.0,3306000000.0,0.169,3306000000.0,2559000000.0,2317000000.0,2.26,2.23,2.26,8791000000.0,8554500000.0,8791000000.0,35056492616.0,14.0,10.604,2966000000.0,3.943,1.0,7432000000.0,0.381,7647000000.0,242000000.0,11995000000.0,11302000000.0,1956000000.0,0.0,0.0,0.0,12551000000.0,5805000000.0,6746000000.0,32041492616.0,172000000.0,-1802000000.0,-285000000.0,322000000.0,-997000000.0,-1056000000.0,-2246000000.0,0.0,3454000000.0,20000000.0,1691000000.0,1691000000.0,1691000000.0,0.0,46000000.0,0.087,4844000000.0,2588000000.0,1991000000.0,0.586,3.645,18.948,18.85,3475000000.0,0.0,42.6,1.642,1.642,3650000000.0,14888000000.0,19515000000.0,19515000000.0,0.0,0.083,0.198,0.226,0.131,0.0,4357000000.0,1.0,752147714.0,752147714.0,,25.946,13842000000.0,0.0,626000000.0,100000000.0,18.403,2258000000.0
47,EMR,MRT,2009-09-30,2009-09-30,2009-09-30,2021-09-07,-496000000.0,19763000000.0,20150000000.0,7653000000.0,12110000000.0,0.998,11.383,-531000000.0,1560000000.0,1560000000.0,12542000000.0,1771000000.0,1.544,1.292,4575000000.0,577000000.0,3998000000.0,4575000000.0,0.0,727000000.0,0.0,0.033,1.32,2632000000.0,3359000000.0,0.167,3359000000.0,2632000000.0,2412000000.0,2.29,2.27,2.29,8555000000.0,8457250000.0,8555000000.0,34042716178.0,13.0,10.135,2555000000.0,3.399,1.0,7560000000.0,0.376,8222000000.0,220000000.0,9600000000.0,10989750000.0,1855000000.0,0.0,0.0,0.0,11057000000.0,4956000000.0,6101000000.0,30123716178.0,-217000000.0,-772000000.0,-718000000.0,-116000000.0,-998000000.0,-1948000000.0,-1309000000.0,0.0,3086000000.0,-46000000.0,1724000000.0,1724000000.0,1724000000.0,0.0,47000000.0,0.086,4890000000.0,2670000000.0,1949000000.0,0.576,3.521,17.473,17.502,3500000000.0,0.0,40.08,1.499,1.499,3623000000.0,14714000000.0,20102000000.0,20102000000.0,0.0,0.086,0.204,0.239,0.131,0.0,4416000000.0,1.0,751589725.0,751589725.0,,26.746,11541000000.0,0.0,688000000.0,52000000.0,15.355,2697000000.0
48,EMR,MRT,2009-06-30,2009-06-30,2009-06-30,2021-09-07,-133000000.0,20324000000.0,20469250000.0,7718000000.0,12606000000.0,1.037,11.525,-641000000.0,1382000000.0,1382000000.0,13289000000.0,2013000000.0,1.546,1.347,5301000000.0,837000000.0,4464000000.0,5301000000.0,0.0,719000000.0,0.0,0.04,1.29,2943000000.0,3662000000.0,0.172,3662000000.0,2943000000.0,2745000000.0,2.51,2.48,2.51,8660000000.0,8596750000.0,8660000000.0,28257694232.0,10.0,7.716,2388000000.0,3.178,1.0,7944000000.0,0.374,6976000000.0,198000000.0,12274000000.0,11251250000.0,2062000000.0,0.0,0.0,0.0,11664000000.0,4993000000.0,6671000000.0,24346694232.0,-675000000.0,-683000000.0,-1111000000.0,110000000.0,-981000000.0,-2085000000.0,-1446000000.0,0.0,3029000000.0,-173000000.0,1906000000.0,1906000000.0,1906000000.0,-40000000.0,107000000.0,0.09,4900000000.0,3044000000.0,1824000000.0,0.514,2.811,12.774,12.908,3475000000.0,0.0,32.4,1.147,1.147,3720000000.0,14471000000.0,21233000000.0,21233000000.0,0.0,0.093,0.222,0.262,0.139,0.0,4559000000.0,1.0,751441180.0,751441180.0,,28.256,13348000000.0,0.0,839000000.0,24000000.0,17.763,2725000000.0
49,EMR,MRT,2009-03-31,2009-03-31,2009-03-31,2021-09-07,-430000000.0,19991000000.0,20937250000.0,8132000000.0,11859000000.0,1.085,10.876,-680000000.0,1507000000.0,1507000000.0,14191000000.0,2227000000.0,1.367,1.434,5418000000.0,1722000000.0,3696000000.0,5418000000.0,0.0,715000000.0,0.0,0.055,1.56,3293000000.0,4008000000.0,0.176,4008000000.0,3293000000.0,3114000000.0,2.78,2.75,2.78,8212000000.0,8870250000.0,8212000000.0,25186966205.0,8.0,6.284,2260000000.0,2.993,1.0,8519000000.0,0.375,6616000000.0,179000000.0,11339000000.0,11036000000.0,2257000000.0,0.0,0.0,0.0,11779000000.0,5947000000.0,5832000000.0,21578966205.0,-260000000.0,-353000000.0,-1355000000.0,522000000.0,-969000000.0,-1854000000.0,-1162000000.0,0.0,2940000000.0,-184000000.0,2131000000.0,2131000000.0,2131000000.0,-5000000.0,96000000.0,0.094,5101000000.0,3418000000.0,1871000000.0,0.561,2.628,10.126,10.281,3447000000.0,0.0,28.58,0.95,0.95,3757000000.0,14331000000.0,22710000000.0,22710000000.0,0.0,0.102,0.24,0.298,0.145,0.0,4791000000.0,1.0,755037306.0,755037306.0,,30.078,13375000000.0,0.0,983000000.0,38000000.0,17.714,2185000000.0
50,EMR,MRT,2008-12-31,2008-12-31,2008-12-31,2021-09-07,-356000000.0,20522000000.0,21302000000.0,8873000000.0,11649000000.0,1.11,10.953,-719000000.0,1668000000.0,1668000000.0,14722000000.0,2392000000.0,1.3,1.443,5276000000.0,2042000000.0,3234000000.0,5276000000.0,0.0,712000000.0,0.0,0.042,1.53,3567000000.0,4279000000.0,0.181,4279000000.0,3567000000.0,3386000000.0,2.98,2.95,2.98,8402000000.0,9187250000.0,8402000000.0,30823187559.0,9.0,7.203,2470000000.0,3.22,1.0,8924000000.0,0.377,6556000000.0,181000000.0,10746000000.0,11047250000.0,2470000000.0,0.0,0.0,0.0,12120000000.0,6828000000.0,5292000000.0,28082187559.0,-38000000.0,-254000000.0,-1359000000.0,394000000.0,-955000000.0,-1948000000.0,-1166000000.0,0.0,3189000000.0,-113000000.0,2305000000.0,2305000000.0,2305000000.0,46000000.0,87000000.0,0.097,5190000000.0,3734000000.0,2171000000.0,0.513,3.342,12.183,12.285,3459000000.0,0.0,36.61,1.188,1.188,4007000000.0,14208000000.0,23646000000.0,23646000000.0,0.0,0.108,0.251,0.323,0.151,0.0,4924000000.0,1.0,767063304.0,767063304.0,,30.827,13966000000.0,0.0,1081000000.0,203000000.0,18.207,2045000000.0
51,EMR,MRT,2008-09-30,2008-09-30,2008-09-30,2021-09-07,141000000.0,21040000000.0,21385000000.0,9331000000.0,11709000000.0,1.111,11.744,-714000000.0,1777000000.0,1777000000.0,14813000000.0,2486000000.0,1.42,1.309,4518000000.0,1221000000.0,3297000000.0,4518000000.0,0.0,707000000.0,0.0,0.037,1.5,3725000000.0,4432000000.0,0.187,4432000000.0,3725000000.0,3537000000.0,3.09,3.06,3.09,9113000000.0,9380250000.0,9113000000.0,34623714562.0,9.0,7.812,2579000000.0,3.324,1.0,8938000000.0,0.376,6562000000.0,188000000.0,10646000000.0,11120250000.0,2348000000.0,0.0,0.0,0.0,11927000000.0,6573000000.0,5354000000.0,31650714562.0,769000000.0,-360000000.0,-1120000000.0,660000000.0,-940000000.0,-1454000000.0,-1072000000.0,0.0,3293000000.0,2000000.0,2412000000.0,2412000000.0,2412000000.0,0.0,74000000.0,0.102,5105000000.0,3833000000.0,2699000000.0,0.485,3.473,13.122,13.201,3507000000.0,0.0,40.79,1.333,1.333,4618000000.0,14002000000.0,23751000000.0,23751000000.0,0.0,0.113,0.257,0.335,0.157,0.0,4915000000.0,1.0,775942990.0,775942990.0,,30.609,14478000000.0,0.0,1125000000.0,173000000.0,18.659,2758000000.0
52,EMR,MRT,2008-06-30,2008-06-30,2008-06-30,2021-09-07,823000000.0,22196000000.0,21045000000.0,10094000000.0,12102000000.0,1.147,12.493,-722000000.0,2057000000.0,2057000000.0,15226000000.0,2347000000.0,1.433,1.276,5030000000.0,1732000000.0,3298000000.0,5030000000.0,0.0,695000000.0,0.0,0.03,1.462,3653000000.0,4348000000.0,0.18,4348000000.0,3653000000.0,3456000000.0,3.0,2.96,3.0,9754000000.0,9295000000.0,9754000000.0,41788975820.0,11.0,9.611,2518000000.0,3.225,1.0,8913000000.0,0.369,6713000000.0,197000000.0,11413000000.0,11081250000.0,2562000000.0,0.0,0.0,0.0,12442000000.0,7043000000.0,5399000000.0,38608975820.0,726000000.0,-520000000.0,-952000000.0,353000000.0,-916000000.0,-1562000000.0,-1066000000.0,0.0,3240000000.0,114000000.0,2347000000.0,2347000000.0,2347000000.0,38000000.0,0.0,0.097,5222000000.0,3691000000.0,2563000000.0,0.487,3.958,16.45,16.483,3458000000.0,0.0,49.45,1.599,1.599,4663000000.0,13546000000.0,24139000000.0,24139000000.0,0.0,0.112,0.253,0.33,0.151,0.0,4992000000.0,1.0,780767964.0,780767964.0,,30.917,15483000000.0,0.0,1109000000.0,242000000.0,19.83,3051000000.0
53,EMR,MRT,2008-03-31,2008-03-31,2008-03-31,2021-09-07,705000000.0,21450000000.0,20514750000.0,9438000000.0,12012000000.0,1.138,12.062,-711000000.0,1767000000.0,1767000000.0,14748000000.0,2309000000.0,1.433,1.263,4947000000.0,1609000000.0,3338000000.0,4947000000.0,0.0,678000000.0,0.0,0.022,1.125,3580000000.0,4258000000.0,0.182,4258000000.0,3580000000.0,3368000000.0,2.93,2.9,2.93,9480000000.0,9032250000.0,9480000000.0,43630763436.0,12.0,10.247,2601000000.0,3.309,1.0,8595000000.0,0.368,6658000000.0,212000000.0,11384000000.0,11065500000.0,2532000000.0,0.0,0.0,0.0,11970000000.0,6588000000.0,5382000000.0,40443763436.0,673000000.0,-563000000.0,-858000000.0,134000000.0,-889000000.0,-1659000000.0,-1086000000.0,0.0,3312000000.0,106000000.0,2309000000.0,2309000000.0,2309000000.0,2000000.0,0.0,0.099,5013000000.0,3582000000.0,2403000000.0,0.384,4.266,17.516,17.563,3413000000.0,0.0,51.46,1.733,1.733,4377000000.0,13169000000.0,23343000000.0,23343000000.0,0.0,0.113,0.256,0.324,0.153,0.0,4825000000.0,1.0,785926223.0,785926223.0,,29.701,14792000000.0,0.0,1059000000.0,234000000.0,18.821,2850000000.0
54,EMR,MRT,2007-12-31,2007-12-31,2007-12-31,2021-09-07,444000000.0,20854000000.0,20035250000.0,8994000000.0,11860000000.0,1.134,11.654,-687000000.0,1706000000.0,1706000000.0,14422000000.0,2256000000.0,1.404,1.273,4893000000.0,1696000000.0,3197000000.0,4893000000.0,0.0,666000000.0,0.0,0.019,1.087,3500000000.0,4166000000.0,0.183,4166000000.0,3500000000.0,3281000000.0,2.85,2.82,2.85,9174000000.0,8748750000.0,9174000000.0,47372375649.0,14.0,11.371,2425000000.0,3.08,1.0,8292000000.0,0.365,6595000000.0,219000000.0,11038000000.0,11003500000.0,2480000000.0,0.0,0.0,0.0,11680000000.0,6408000000.0,5272000000.0,44604375649.0,616000000.0,-672000000.0,-764000000.0,224000000.0,-863000000.0,-1453000000.0,-1113000000.0,0.0,3112000000.0,70000000.0,2256000000.0,2256000000.0,2256000000.0,-50000000.0,0.0,0.099,4842000000.0,3450000000.0,2329000000.0,0.381,4.862,19.771,19.881,3435000000.0,0.0,56.66,1.964,1.964,4296000000.0,12858000000.0,22714000000.0,22714000000.0,0.0,0.113,0.258,0.318,0.154,0.0,4682000000.0,1.0,787228656.0,787228656.0,,28.853,14259000000.0,0.0,1025000000.0,232000000.0,18.113,2586000000.0
55,EMR,MRT,2007-09-30,2007-09-30,2007-09-30,2021-09-07,382000000.0,19680000000.0,19597500000.0,8065000000.0,11615000000.0,1.129,11.075,-681000000.0,1008000000.0,1008000000.0,14066000000.0,2136000000.0,1.454,1.244,3776000000.0,404000000.0,3372000000.0,3776000000.0,0.0,656000000.0,0.0,0.02,1.05,3328000000.0,3984000000.0,0.18,3984000000.0,3328000000.0,3100000000.0,2.69,2.66,2.69,8772000000.0,8506750000.0,8772000000.0,45397499132.0,14.0,11.395,2335000000.0,2.948,1.0,8065000000.0,0.364,6412000000.0,228000000.0,10490000000.0,10982000000.0,2227000000.0,0.0,0.0,0.0,10908000000.0,5546000000.0,5362000000.0,42151499132.0,198000000.0,-295000000.0,-853000000.0,-309000000.0,-837000000.0,-1994000000.0,-870000000.0,0.0,3016000000.0,46000000.0,2136000000.0,2136000000.0,2136000000.0,-7000000.0,0.0,0.097,4744000000.0,3321000000.0,2501000000.0,0.39,4.805,19.734,19.784,3431000000.0,0.0,53.22,1.905,1.905,4260000000.0,12536000000.0,22131000000.0,22131000000.0,0.0,0.109,0.251,0.303,0.15,0.0,4569000000.0,1.0,792023659.0,792023659.0,,27.942,13268000000.0,0.0,964000000.0,304000000.0,16.752,2519000000.0
56,EMR,MRT,2007-06-30,2007-06-30,2007-06-30,2021-09-07,518000000.0,20075000000.0,19345500000.0,8371000000.0,11704000000.0,1.103,10.944,-667000000.0,1331000000.0,1331000000.0,13559000000.0,2039000000.0,1.473,1.307,4577000000.0,954000000.0,3623000000.0,4577000000.0,0.0,644000000.0,0.0,0.022,1.01,3200000000.0,3844000000.0,0.18,3844000000.0,3200000000.0,2967000000.0,2.55,2.53,2.55,8703000000.0,8352250000.0,8703000000.0,40848307838.0,13.0,10.627,2131000000.0,2.68,1.0,7775000000.0,0.364,6289000000.0,233000000.0,11350000000.0,10984750000.0,2309000000.0,0.0,0.0,0.0,11372000000.0,5682000000.0,5690000000.0,37218307838.0,636000000.0,-231000000.0,-1079000000.0,414000000.0,-809000000.0,-1473000000.0,-717000000.0,0.0,2798000000.0,28000000.0,2039000000.0,2039000000.0,2039000000.0,-8000000.0,0.0,0.096,4583000000.0,3192000000.0,2247000000.0,0.396,4.276,18.253,18.353,3279000000.0,0.0,46.8,1.745,1.745,4083000000.0,12121000000.0,21334000000.0,21334000000.0,0.0,0.105,0.244,0.291,0.15,0.0,4425000000.0,1.0,795262988.0,795262988.0,,26.826,13786000000.0,0.0,928000000.0,283000000.0,17.335,2689000000.0
57,EMR,MRT,2007-03-31,2007-03-31,2007-03-31,2021-09-07,403000000.0,19532000000.0,18922750000.0,7989000000.0,11543000000.0,1.098,10.46,-663000000.0,1094000000.0,1094000000.0,13243000000.0,1951000000.0,1.381,1.34,4724000000.0,1349000000.0,3375000000.0,4724000000.0,0.0,641000000.0,0.0,0.023,0.97,3081000000.0,3722000000.0,0.179,3722000000.0,3081000000.0,2858000000.0,2.42,2.4,2.42,8346000000.0,8200500000.0,8346000000.0,37833196745.0,12.0,10.165,1856000000.0,2.326,1.0,7536000000.0,0.363,6240000000.0,223000000.0,11136000000.0,10794750000.0,2388000000.0,0.0,0.0,0.0,11186000000.0,5786000000.0,5400000000.0,34381196745.0,490000000.0,-655000000.0,-1229000000.0,1035000000.0,-784000000.0,-955000000.0,-1108000000.0,0.0,2519000000.0,34000000.0,1951000000.0,1951000000.0,1951000000.0,-7000000.0,0.0,0.094,4462000000.0,3074000000.0,2137000000.0,0.401,4.119,17.622,17.806,3259000000.0,0.0,43.09,1.655,1.655,3888000000.0,11755000000.0,20779000000.0,20779000000.0,0.0,0.103,0.238,0.285,0.148,0.0,4308000000.0,1.0,797892707.0,797892707.0,,26.042,13292000000.0,0.0,907000000.0,284000000.0,16.659,2203000000.0
58,EMR,MRT,2006-12-31,2006-12-31,2006-12-31,2021-09-07,376000000.0,19103000000.0,18342000000.0,7746000000.0,11357000000.0,1.103,10.227,-621000000.0,1090000000.0,1090000000.0,12906000000.0,1891000000.0,1.402,1.328,4542000000.0,1167000000.0,3375000000.0,4542000000.0,0.0,627000000.0,0.0,0.021,0.93,2964000000.0,3591000000.0,0.177,3591000000.0,2964000000.0,2749000000.0,2.33,2.31,2.33,8206000000.0,8100750000.0,8206000000.0,38592439510.0,13.0,10.747,1899000000.0,2.367,1.0,7331000000.0,0.362,6077000000.0,215000000.0,10952000000.0,10573250000.0,2410000000.0,0.0,0.0,0.0,10897000000.0,5526000000.0,5371000000.0,35376439510.0,466000000.0,-695000000.0,-1104000000.0,862000000.0,-758000000.0,-957000000.0,-1131000000.0,0.0,2520000000.0,34000000.0,1891000000.0,1891000000.0,1891000000.0,-6000000.0,0.0,0.093,4373000000.0,2958000000.0,2086000000.0,0.399,4.311,18.708,18.923,3220000000.0,0.0,44.09,1.748,1.748,3673000000.0,11471000000.0,20237000000.0,20237000000.0,0.0,0.103,0.233,0.28,0.146,0.0,4204000000.0,1.0,802368780.0,802368780.0,,25.222,13026000000.0,0.0,858000000.0,322000000.0,16.234,2220000000.0
59,EMR,MRT,2006-09-30,2006-09-30,2006-09-30,2021-09-07,306000000.0,18672000000.0,17722750000.0,7330000000.0,11342000000.0,1.113,10.0,-601000000.0,810000000.0,810000000.0,12605000000.0,1845000000.0,1.364,1.29,4026000000.0,898000000.0,3128000000.0,4026000000.0,0.0,607000000.0,0.0,0.021,0.89,2886000000.0,3493000000.0,0.177,3493000000.0,2886000000.0,2679000000.0,2.26,2.24,2.26,8154000000.0,7953500000.0,8154000000.0,37610432348.0,13.0,10.767,1911000000.0,2.344,1.0,7129000000.0,0.361,6013000000.0,207000000.0,10501000000.0,10337000000.0,2222000000.0,0.0,0.0,0.0,10518000000.0,5374000000.0,5144000000.0,34189432348.0,-423000000.0,-752000000.0,-862000000.0,-171000000.0,-730000000.0,-1731000000.0,-1216000000.0,0.0,2512000000.0,12000000.0,1845000000.0,1845000000.0,1845000000.0,-6000000.0,0.0,0.093,4249000000.0,2880000000.0,2305000000.0,0.394,4.193,18.531,18.553,3220000000.0,0.0,41.93,1.733,1.733,3716000000.0,11314000000.0,19734000000.0,19734000000.0,0.0,0.104,0.232,0.279,0.146,0.0,4076000000.0,1.0,815393092.0,815393092.0,,24.202,12659000000.0,0.0,834000000.0,238000000.0,15.525,1956000000.0
60,EMR,MRT,2006-06-30,2006-06-30,2006-06-30,2021-09-07,158000000.0,18384000000.0,17361500000.0,7167000000.0,11217000000.0,1.109,9.862,-522000000.0,695000000.0,695000000.0,12408000000.0,1738000000.0,1.376,1.271,4116000000.0,984000000.0,3132000000.0,4116000000.0,0.0,596000000.0,0.0,0.021,0.875,2730000000.0,3326000000.0,0.173,3326000000.0,2730000000.0,2528000000.0,2.115,2.095,2.115,8096000000.0,7765000000.0,8096000000.0,37340926323.0,14.0,11.227,1845000000.0,2.247,1.0,6852000000.0,0.356,6005000000.0,202000000.0,10590000000.0,10132250000.0,2212000000.0,0.0,0.0,0.0,10288000000.0,5210000000.0,5078000000.0,34400926323.0,-869000000.0,-882000000.0,-610000000.0,-592000000.0,-722000000.0,-1881000000.0,-1367000000.0,0.0,2367000000.0,12000000.0,1738000000.0,1738000000.0,1738000000.0,0.0,0.0,0.09,4122000000.0,2730000000.0,2031000000.0,0.414,4.249,19.793,19.813,3076000000.0,0.0,41.905,1.786,1.786,3668000000.0,10968000000.0,19260000000.0,19260000000.0,0.0,0.1,0.224,0.269,0.142,0.0,3915000000.0,1.0,820926532.0,820926532.0,,23.461,12379000000.0,0.0,790000000.0,303000000.0,15.079,1957000000.0
61,EMR,MRT,2006-03-31,2006-03-31,2006-03-31,2021-09-07,30000000.0,17209000000.0,17051500000.0,6631000000.0,10578000000.0,1.085,9.658,-500000000.0,604000000.0,604000000.0,11912000000.0,1610000000.0,1.555,1.165,3544000000.0,412000000.0,3132000000.0,3544000000.0,0.0,580000000.0,0.0,0.021,0.86,2615000000.0,3195000000.0,0.173,3195000000.0,2615000000.0,2412000000.0,1.955,1.935,1.955,7947000000.0,7570500000.0,7947000000.0,37363139604.0,14.0,11.694,1853000000.0,2.252,1.0,6596000000.0,0.356,5636000000.0,203000000.0,10250000000.0,9864750000.0,2063000000.0,0.0,0.0,0.0,9262000000.0,4263000000.0,4999000000.0,34406139604.0,-1002000000.0,-538000000.0,-552000000.0,-1015000000.0,-712000000.0,-2264000000.0,-1021000000.0,0.0,2353000000.0,-70000000.0,1610000000.0,1610000000.0,1610000000.0,0.0,0.0,0.087,3981000000.0,2615000000.0,1867000000.0,0.44,4.329,21.37,21.389,2990000000.0,0.0,41.815,1.859,1.859,3404000000.0,10665000000.0,18508000000.0,18508000000.0,0.0,0.094,0.213,0.265,0.141,0.0,3785000000.0,1.0,822818118.0,822818118.0,,22.493,11573000000.0,0.0,802000000.0,279000000.0,14.065,2368000000.0
62,EMR,MRT,2005-12-31,2005-12-31,2005-12-31,2021-09-07,-85000000.0,16626000000.0,17065000000.0,6289000000.0,10337000000.0,1.048,9.271,-527000000.0,624000000.0,624000000.0,11519000000.0,1524000000.0,1.534,1.183,3581000000.0,453000000.0,3128000000.0,3581000000.0,0.0,566000000.0,0.0,0.023,0.845,2490000000.0,3056000000.0,0.171,3056000000.0,2490000000.0,2285000000.0,1.845,1.83,1.845,7617000000.0,7486500000.0,7617000000.0,33552903956.0,13.0,10.979,1718000000.0,2.091,1.0,6364000000.0,0.356,5477000000.0,205000000.0,10007000000.0,9700750000.0,1942000000.0,0.0,0.0,0.0,9009000000.0,4099000000.0,4910000000.0,30687903956.0,-861000000.0,-395000000.0,-683000000.0,-696000000.0,-702000000.0,-2092000000.0,-936000000.0,0.0,2245000000.0,-78000000.0,1524000000.0,1524000000.0,1524000000.0,0.0,0.0,0.085,3874000000.0,2490000000.0,1738000000.0,0.458,4.029,20.136,20.244,2969000000.0,0.0,37.35,1.716,1.716,3222000000.0,10415000000.0,17883000000.0,17883000000.0,0.0,0.089,0.204,0.257,0.139,0.0,3673000000.0,1.0,821630628.0,821630628.0,,21.765,11149000000.0,0.0,761000000.0,260000000.0,13.569,2190000000.0
63,EMR,MRT,2005-09-30,2005-09-30,2005-09-30,2021-09-07,-65000000.0,17227000000.0,17147500000.0,6837000000.0,10390000000.0,1.009,8.957,-518000000.0,1233000000.0,1233000000.0,11122000000.0,1422000000.0,1.387,1.328,4098000000.0,970000000.0,3128000000.0,4098000000.0,0.0,562000000.0,0.0,0.023,0.83,2358000000.0,2920000000.0,0.169,2920000000.0,2358000000.0,2149000000.0,1.71,1.7,1.71,7400000000.0,7496000000.0,7400000000.0,32597045305.0,14.0,11.163,1669000000.0,2.02,1.0,6183000000.0,0.357,5479000000.0,209000000.0,9682000000.0,9576250000.0,1813000000.0,0.0,0.0,0.0,9827000000.0,4931000000.0,4896000000.0,29660045305.0,-113000000.0,-366000000.0,-668000000.0,-54000000.0,-694000000.0,-1401000000.0,-896000000.0,0.0,2187000000.0,-3000000.0,1422000000.0,1422000000.0,1422000000.0,0.0,0.0,0.082,3825000000.0,2358000000.0,1841000000.0,0.485,4.008,20.858,20.994,3003000000.0,0.0,35.9,1.714,1.714,3256000000.0,10199000000.0,17305000000.0,17305000000.0,0.0,0.083,0.19,0.246,0.136,0.0,3595000000.0,1.0,826185106.0,826185106.0,,20.946,11748000000.0,0.0,727000000.0,281000000.0,14.22,1906000000.0
64,EMR,MRT,2005-06-30,2005-06-30,2005-06-30,2021-09-07,-69000000.0,17144000000.0,16931000000.0,7022000000.0,10122000000.0,0.991,8.781,-520000000.0,1564000000.0,1564000000.0,10779000000.0,1357000000.0,1.343,1.343,4501000000.0,1622000000.0,2879000000.0,4501000000.0,0.0,567000000.0,0.0,0.026,0.823,2268000000.0,2835000000.0,0.169,2835000000.0,2268000000.0,2060000000.0,1.63,1.615,1.63,7318000000.0,7455500000.0,7318000000.0,28941817911.0,13.0,10.209,1514000000.0,1.817,1.0,6003000000.0,0.358,5334000000.0,208000000.0,9520000000.0,9519500000.0,1839000000.0,0.0,0.0,0.0,9826000000.0,5227000000.0,4599000000.0,26097817911.0,178000000.0,-588000000.0,-537000000.0,451000000.0,-691000000.0,-768000000.0,-1105000000.0,0.0,2034000000.0,17000000.0,1357000000.0,1357000000.0,1357000000.0,0.0,0.0,0.081,3735000000.0,2268000000.0,1610000000.0,0.505,3.566,19.232,19.212,2929000000.0,0.0,31.315,1.555,1.555,3138000000.0,9952000000.0,16782000000.0,16782000000.0,0.0,0.08,0.182,0.238,0.135,0.0,3532000000.0,1.0,833396708.0,833396708.0,,20.137,11810000000.0,0.0,703000000.0,244000000.0,14.171,1795000000.0
65,EMR,MRT,2005-03-31,2005-03-31,2005-03-31,2021-09-07,175000000.0,17263000000.0,16629250000.0,7146000000.0,10117000000.0,0.983,9.075,-485000000.0,1606000000.0,1606000000.0,10511000000.0,1340000000.0,1.399,1.268,4450000000.0,1569000000.0,2881000000.0,4450000000.0,0.0,563000000.0,0.0,0.025,0.815,2167000000.0,2730000000.0,0.167,2730000000.0,2167000000.0,1961000000.0,1.605,1.59,1.605,7611000000.0,7376500000.0,7611000000.0,29907681348.0,14.0,10.955,1698000000.0,2.025,1.0,5842000000.0,0.357,5406000000.0,206000000.0,9594000000.0,9499750000.0,1907000000.0,0.0,0.0,0.0,9652000000.0,5107000000.0,4545000000.0,27226681348.0,441000000.0,-511000000.0,-397000000.0,179000000.0,-687000000.0,-891000000.0,-919000000.0,0.0,2183000000.0,68000000.0,1340000000.0,1340000000.0,1340000000.0,0.0,0.0,0.082,3675000000.0,2167000000.0,1653000000.0,0.508,3.577,20.318,20.227,2976000000.0,0.0,32.465,1.665,1.665,3155000000.0,9767000000.0,16353000000.0,16353000000.0,0.0,0.081,0.182,0.228,0.133,0.0,3449000000.0,1.0,838647200.0,838647200.0,,19.499,11857000000.0,0.0,621000000.0,149000000.0,14.138,2039000000.0
66,EMR,MRT,2004-12-31,2004-12-31,2004-12-31,2021-09-07,205000000.0,16956000000.0,,6841000000.0,10115000000.0,,9.123,-425000000.0,1485000000.0,1485000000.0,10289000000.0,1310000000.0,1.441,1.215,4166000000.0,1280000000.0,2886000000.0,4166000000.0,0.0,563000000.0,0.0,0.023,0.807,2136000000.0,2699000000.0,0.169,2699000000.0,2136000000.0,1929000000.0,1.565,1.55,1.565,7655000000.0,,7655000000.0,32103449368.0,15.0,11.895,1768000000.0,2.107,1.0,5696000000.0,0.356,5379000000.0,207000000.0,9509000000.0,,1861000000.0,0.0,0.0,0.0,9301000000.0,4749000000.0,4552000000.0,29411449368.0,476000000.0,-442000000.0,-186000000.0,-191000000.0,-681000000.0,-1050000000.0,-745000000.0,0.0,2193000000.0,78000000.0,1310000000.0,1310000000.0,1310000000.0,0.0,0.0,0.082,3560000000.0,2136000000.0,1520000000.0,0.516,3.842,22.451,22.396,2955000000.0,0.0,35.05,1.84,1.84,3027000000.0,9593000000.0,15985000000.0,15985000000.0,0.0,,,,0.134,0.0,3363000000.0,1.0,839128370.0,839128370.0,,19.05,11577000000.0,0.0,619000000.0,201000000.0,13.796,2092000000.0
67,EMR,MRT,2004-09-30,2004-09-30,2004-09-30,2021-09-07,-88000000.0,16361000000.0,15777500000.0,6416000000.0,9945000000.0,0.99,8.614,-400000000.0,1346000000.0,1346000000.0,10049000000.0,1257000000.0,1.479,1.26,4038000000.0,902000000.0,3136000000.0,4038000000.0,0.0,557000000.0,0.0,0.026,0.8,2062000000.0,2619000000.0,0.168,2619000000.0,2062000000.0,1852000000.0,1.5,1.49,1.5,7238000000.0,6849000000.0,7238000000.0,28643595869.0,14.0,10.937,1816000000.0,2.161,1.0,5566000000.0,0.356,5259000000.0,210000000.0,9455000000.0,9859000000.0,1705000000.0,0.0,0.0,0.0,9123000000.0,4339000000.0,4784000000.0,26002595869.0,650000000.0,-414000000.0,-149000000.0,-93000000.0,-675000000.0,-918000000.0,-688000000.0,0.0,2216000000.0,40000000.0,1257000000.0,1257000000.0,1257000000.0,0.0,0.0,0.08,3504000000.0,2062000000.0,1629000000.0,0.533,3.593,20.686,20.63,2937000000.0,0.0,30.945,1.665,1.665,2932000000.0,9471000000.0,15615000000.0,15615000000.0,0.0,0.08,0.184,0.209,0.132,0.0,3281000000.0,1.0,840284242.0,840284242.0,,18.583,11102000000.0,0.0,595000000.0,113000000.0,13.212,2077000000.0
68,EMR,MRT,2004-06-30,2004-06-30,2004-06-30,2021-09-07,-177000000.0,15937000000.0,,6343000000.0,9594000000.0,,8.32,-354000000.0,1386000000.0,1386000000.0,9818000000.0,1179000000.0,1.542,1.276,4027000000.0,878000000.0,3149000000.0,4027000000.0,0.0,538000000.0,0.0,0.025,0.796,1944000000.0,2482000000.0,0.163,2482000000.0,1944000000.0,1728000000.0,1.405,1.4,1.405,7002000000.0,,7002000000.0,30169841462.0,16.0,12.155,1976000000.0,2.348,1.0,5371000000.0,0.354,5024000000.0,216000000.0,9441000000.0,,1608000000.0,0.0,0.0,0.0,8935000000.0,4113000000.0,4822000000.0,26741841462.0,677000000.0,-63000000.0,-77000000.0,-652000000.0,-671000000.0,-1400000000.0,-276000000.0,0.0,2330000000.0,23000000.0,1179000000.0,1179000000.0,1179000000.0,0.0,0.0,0.078,3427000000.0,1944000000.0,1387000000.0,0.567,3.819,22.682,22.616,2844000000.0,0.0,31.775,1.761,1.761,2874000000.0,9286000000.0,15189000000.0,15189000000.0,0.0,,,,0.128,0.0,3174000000.0,1.0,841600046.0,841600046.0,,18.048,10913000000.0,0.0,549000000.0,186000000.0,12.967,2230000000.0
69,EMR,MRT,2004-03-31,2004-03-31,2004-03-31,2021-09-07,,,,,,,,,,,9544000000.0,1198000000.0,,,,,,,,,,0.026,0.793,1866000000.0,,,,1866000000.0,1640000000.0,1.43,1.42,1.43,,,,28642337378.0,15.0,,,,1.0,5182000000.0,0.352,,226000000.0,,,,,,,,,,25214337378.0,,,,,,,,,,,1198000000.0,1198000000.0,1198000000.0,-82000000.0,0.0,0.081,3398000000.0,1784000000.0,,0.555,,21.047,20.951,,0.0,29.96,1.712,1.712,,,14726000000.0,14726000000.0,0.0,,,,0.127,,3084000000.0,1.0,841600046.0,841600046.0,,17.498,,,442000000.0,,,
70,EMR,MRT,2003-12-31,2003-12-31,2003-12-31,2021-09-07,,,,,,,,,,,,,,,,,,,,,,0.024,0.789,,,,,,,,,,,,,30674801489.0,,,,,1.0,,,,,,,,,,,,,,27246801489.0,,,,,,,,,,,,,,,,,,,,,,,,,,32.375,,,,,,,,,,,,,,1.0,841600046.0,841600046.0,,,,,,,,
71,EMR,MRT,2003-09-30,2003-09-30,2003-09-30,2021-09-07,-386000000.0,15194000000.0,14869500000.0,5500000000.0,9694000000.0,0.939,7.675,-337000000.0,696000000.0,696000000.0,9060000000.0,1089000000.0,1.61,1.352,4124000000.0,391000000.0,3733000000.0,4124000000.0,0.0,534000000.0,0.0,0.03,0.785,1721000000.0,2255000000.0,0.162,2255000000.0,1721000000.0,1490000000.0,1.3,1.295,1.3,6460000000.0,6100500000.0,6460000000.0,26326673525.0,15.0,11.675,1394000000.0,1.656,1.0,4898000000.0,0.351,4942000000.0,231000000.0,10263000000.0,9833500000.0,1558000000.0,0.0,0.0,0.0,8734000000.0,3417000000.0,5317000000.0,22157673525.0,315000000.0,-6000000.0,11000000.0,-503000000.0,-661000000.0,-1153000000.0,-304000000.0,0.0,1731000000.0,41000000.0,1089000000.0,1089000000.0,1089000000.0,-76000000.0,0.0,0.078,3253000000.0,1645000000.0,1397000000.0,0.604,3.43,20.347,20.25,2962000000.0,0.0,26.325,1.587,1.587,2650000000.0,8889000000.0,13958000000.0,13958000000.0,0.0,0.073,0.179,0.175,0.123,0.0,2935000000.0,1.0,841697000.0,841697000.0,,16.583,10252000000.0,0.0,401000000.0,116000000.0,12.18,2083000000.0
72,EMR,MRT,2003-06-30,2003-06-30,2003-06-30,2021-09-07,,,,,,,,,,,,,,,,,,,,,,0.031,0.782,,,,,,,,,,,,,25674358350.0,,,,,1.0,,,,,,,,,,,,,,21505358350.0,,,,,,,,,,,,,,,,,,,,,,,,,,25.55,,,,,,,,,,,,,,1.0,841697000.0,841697000.0,,,,,,,,
73,EMR,MRT,2002-09-30,2002-09-30,2002-09-30,2021-09-07,-647000000.0,14545000000.0,14795500000.0,4961000000.0,9584000000.0,0.929,6.824,-384000000.0,381000000.0,381000000.0,8939000000.0,122000000.0,1.127,1.534,4550000000.0,1560000000.0,2990000000.0,4550000000.0,0.0,541000000.0,0.0,0.035,0.775,869000000.0,1410000000.0,0.103,1410000000.0,869000000.0,636000000.0,0.145,0.145,0.145,5741000000.0,5927500000.0,5741000000.0,22830186704.0,26.0,16.192,1434000000.0,1.705,1.0,4809000000.0,0.35,4910000000.0,233000000.0,9404000000.0,9118000000.0,1624000000.0,0.0,0.0,0.0,8804000000.0,4400000000.0,4404000000.0,18482786704.0,25000000.0,-497000000.0,-20000000.0,-262000000.0,-652000000.0,-934000000.0,-881000000.0,0.0,1818000000.0,22000000.0,122000000.0,122000000.0,122000000.0,16000000.0,0.0,0.009,2986000000.0,1823000000.0,1268000000.0,5.345,3.219,151.498,151.517,3116000000.0,0.0,21.97,1.344,1.344,2513000000.0,8461000000.0,13748000000.0,13748000000.0,0.0,0.008,0.021,0.095,0.063,0.0,2904000000.0,1.0,841273860.0,841273860.0,,16.342,9635000000.0,0.0,514000000.0,124000000.0,11.453,561000000.0
74,EMR,MRT,2001-09-30,2001-09-30,2001-09-30,2021-09-07,-741000000.0,15046000000.0,15105150000.0,5320000000.0,9726000000.0,1.014,7.135,-554000000.0,356000000.0,356000000.0,9987000000.0,1032000000.0,0.989,1.461,4703000000.0,2447000000.0,2256000000.0,4703000000.0,0.0,708000000.0,0.0,0.033,0.765,1883000000.0,2591000000.0,0.169,2591000000.0,1883000000.0,1597000000.0,1.215,1.2,1.215,6114000000.0,6258400000.0,6114000000.0,24559957850.0,13.0,9.479,1154000000.0,1.347,1.0,5324000000.0,0.348,5182000000.0,286000000.0,8832000000.0,8888550000.0,1897000000.0,0.0,0.0,0.0,8932000000.0,5379000000.0,3553000000.0,20162957850.0,75000000.0,6000000.0,-534000000.0,108000000.0,-654000000.0,-1080000000.0,-548000000.0,0.0,1708000000.0,-5000000.0,1032000000.0,1032000000.0,1032000000.0,17000000.0,0.0,0.067,3424000000.0,1900000000.0,1127000000.0,0.63,3.298,19.538,19.366,3288000000.0,0.0,23.53,1.317,1.317,2551000000.0,8991000000.0,15311000000.0,15311000000.0,0.0,0.068,0.165,0.212,0.123,0.0,3051000000.0,1.0,856904286.0,856904286.0,,17.868,9864000000.0,0.0,565000000.0,185000000.0,11.511,-59000000.0
75,EMR,MRT,2001-03-31,2001-03-31,2001-03-31,2021-09-07,-661800000.0,15737300000.0,15432425000.0,5949300000.0,9788000000.0,1.045,7.785,-685800000.0,403600000.0,403600000.0,10396900000.0,1460400000.0,1.08,1.356,4800600000.0,2521400000.0,2279200000.0,4800600000.0,0.0,694600000.0,0.0,0.024,0.74,2545800000.0,3240400000.0,0.201,3240400000.0,2545800000.0,2232900000.0,1.715,1.695,1.715,6680500000.0,6481975000.0,6680500000.0,30966325552.0,12.0,9.556,1138100000.0,1.326,1.0,5732900000.0,0.355,5325400000.0,312900000.0,9300600000.0,9004150000.0,2211800000.0,0.0,0.0,0.0,9056800000.0,5508300000.0,3548500000.0,26600225552.0,30500000.0,-765900000.0,-21400000.0,338300000.0,-633200000.0,-316300000.0,-1451700000.0,0.0,1823900000.0,-25400000.0,1460400000.0,1460400000.0,1460400000.0,0.0,0.0,0.091,3187100000.0,2545800000.0,1263900000.0,0.431,3.982,18.214,18.076,3302600000.0,0.0,31.0,1.649,1.649,2879500000.0,9000900000.0,16129800000.0,16129800000.0,0.0,0.095,0.225,0.283,0.158,0.0,3106800000.0,1.0,858071792.0,858071792.0,,18.798,10411900000.0,0.0,772500000.0,260400000.0,12.134,441000000.0
76,EMR,MRT,2000-12-31,2000-12-31,2000-12-31,2021-09-07,-623500000.0,15513900000.0,15233750000.0,5785700000.0,9728200000.0,1.045,7.655,-716700000.0,359700000.0,359700000.0,10258700000.0,1454500000.0,1.071,1.363,4725800000.0,2447100000.0,2278700000.0,4725800000.0,0.0,685900000.0,0.0,0.018,0.728,2528700000.0,3214600000.0,0.202,3214600000.0,2528700000.0,2226100000.0,1.71,1.69,1.71,6564400000.0,6344350000.0,6564400000.0,38110019162.0,15.0,11.855,1097200000.0,1.28,1.0,5662500000.0,0.356,5300200000.0,302600000.0,9178400000.0,8789750000.0,2217600000.0,0.0,0.0,0.0,8949500000.0,5401400000.0,3548100000.0,33790419162.0,20500000.0,-1801500000.0,-213600000.0,1591700000.0,-622500000.0,755600000.0,-2516300000.0,0.0,1813900000.0,-32700000.0,1454500000.0,1454500000.0,1454500000.0,0.0,0.0,0.091,3133800000.0,2528700000.0,1185200000.0,0.426,5.148,23.232,23.044,3263200000.0,0.0,39.405,2.122,2.122,2742900000.0,8806200000.0,15921200000.0,15921200000.0,0.0,0.095,0.229,0.288,0.159,0.0,3060100000.0,1.0,857516030.0,857516030.0,,18.567,10213700000.0,0.0,771600000.0,371500000.0,11.911,384300000.0
77,EMR,MRT,2000-09-30,2000-09-30,2000-09-30,2021-09-07,-578600000.0,15164300000.0,14762575000.0,5482700000.0,9681600000.0,1.053,7.495,-692000000.0,280800000.0,280800000.0,10016000000.0,1422000000.0,1.051,1.368,4600400000.0,2352700000.0,2247700000.0,4600400000.0,0.0,678000000.0,0.0,0.021,0.716,2449000000.0,3127000000.0,0.201,3127000000.0,2449000000.0,2178000000.0,1.665,1.65,1.665,6402800000.0,6250450000.0,6402800000.0,33323749279.0,14.0,10.657,1148000000.0,1.344,1.0,5529000000.0,0.356,5320000000.0,271000000.0,8945100000.0,8504600000.0,2052700000.0,0.0,0.0,0.0,8761500000.0,5218800000.0,3542700000.0,28619749279.0,15000000.0,-1803000000.0,-376000000.0,1694000000.0,-613000000.0,705000000.0,-2495000000.0,0.0,1840000000.0,-35000000.0,1422000000.0,1422000000.0,1422000000.0,0.0,0.0,0.091,3080000000.0,2449000000.0,1210600000.0,0.43,4.47,20.126,20.12,3243400000.0,0.0,33.5,1.841,1.841,2705600000.0,8612900000.0,15545000000.0,15545000000.0,0.0,0.096,0.228,0.288,0.158,0.0,2988000000.0,1.0,854320874.0,854320874.0,,18.196,9844300000.0,0.0,756000000.0,264900000.0,11.523,263900000.0
78,EMR,MRT,2000-06-30,2000-06-30,2000-06-30,2021-09-07,-470500000.0,15314200000.0,14377375000.0,5664200000.0,9650000000.0,1.05,7.359,-638200000.0,402500000.0,402500000.0,9740600000.0,1391600000.0,0.942,1.438,5106500000.0,3353600000.0,1752900000.0,5106500000.0,0.0,662800000.0,0.0,0.023,0.699,2374000000.0,3036800000.0,0.201,3036800000.0,2374000000.0,2118700000.0,1.625,1.61,1.625,6280200000.0,6194875000.0,6280200000.0,30218402661.0,13.0,9.951,1199600000.0,1.406,1.0,5359300000.0,0.355,5410400000.0,255300000.0,8592500000.0,8212025000.0,2011400000.0,0.0,0.0,0.0,9034000000.0,6015300000.0,3018700000.0,25765102661.0,69700000.0,-1838400000.0,-428100000.0,1763800000.0,-601600000.0,734100000.0,-2474700000.0,0.0,1837800000.0,-27500000.0,1391600000.0,1391600000.0,1391600000.0,0.0,0.0,0.092,2985300000.0,2374000000.0,1028500000.0,0.43,4.103,18.515,18.578,3140600000.0,0.0,30.19,1.706,1.706,2803700000.0,8394700000.0,15099900000.0,15099900000.0,0.0,0.097,0.225,0.289,0.157,0.0,2897100000.0,1.0,853431688.0,853431688.0,,17.693,9903800000.0,0.0,727100000.0,294300000.0,11.605,-351100000.0
79,EMR,MRT,2000-03-31,2000-03-31,2000-03-31,2021-09-07,-384900000.0,14942600000.0,13932325000.0,5480700000.0,9461900000.0,1.055,7.11,-622000000.0,373400000.0,373400000.0,9475500000.0,1363000000.0,0.935,1.438,4826700000.0,3382200000.0,1444500000.0,4826700000.0,0.0,655900000.0,0.0,0.026,0.683,2299800000.0,2955700000.0,0.201,2955700000.0,2299800000.0,2078800000.0,1.585,1.57,1.585,6130000000.0,6137050000.0,6130000000.0,26029323173.0,11.0,8.806,1231800000.0,1.429,1.0,5216600000.0,0.355,5090600000.0,221000000.0,8443000000.0,8068925000.0,2023600000.0,0.0,0.0,0.0,8812600000.0,5862300000.0,2950300000.0,22902723173.0,67800000.0,-1585700000.0,-498900000.0,1493000000.0,-590200000.0,403900000.0,-2178500000.0,0.0,1853800000.0,-11400000.0,1363000000.0,1363000000.0,1363000000.0,0.0,0.0,0.093,2916800000.0,2299800000.0,1001100000.0,0.431,3.736,16.803,16.76,3237200000.0,0.0,26.565,1.559,1.559,2647300000.0,8173500000.0,14692100000.0,14692100000.0,0.0,0.098,0.222,0.285,0.157,0.0,2825300000.0,1.0,862139024.0,862139024.0,,17.041,9852000000.0,0.0,715800000.0,245800000.0,11.427,-381600000.0
80,EMR,MRT,1999-12-31,1999-12-31,1999-12-31,2021-09-07,-314000000.0,13629200000.0,13510625000.0,5201800000.0,8427400000.0,1.065,7.156,-580400000.0,339500000.0,339500000.0,9271000000.0,1336100000.0,1.153,1.202,3466100000.0,2065300000.0,1400800000.0,3466100000.0,0.0,801000000.0,0.0,0.023,0.666,2241300000.0,3042300000.0,0.211,3042300000.0,2241300000.0,2044500000.0,1.545,1.53,1.545,6188800000.0,6091325000.0,6188800000.0,27817526629.0,12.0,9.144,1257700000.0,1.454,1.0,5115100000.0,0.356,4208300000.0,196800000.0,8037800000.0,7930100000.0,1953100000.0,0.0,0.0,0.0,7440400000.0,4509700000.0,2930700000.0,24812826629.0,17800000.0,-525000000.0,-388700000.0,274600000.0,-578500000.0,-692600000.0,-1106200000.0,0.0,1838100000.0,-21500000.0,1336100000.0,1336100000.0,1336100000.0,0.0,0.0,0.093,2873800000.0,2241300000.0,890400000.0,0.431,4.009,18.571,18.57,3142800000.0,0.0,28.69,1.725,1.725,2487600000.0,7974100000.0,14386100000.0,14386100000.0,0.0,0.099,0.219,0.283,0.156,0.0,2780700000.0,1.0,864859764.0,864859764.0,,16.634,9420900000.0,0.0,708400000.0,362400000.0,10.893,692100000.0
81,EMR,MRT,1999-09-30,1999-09-30,1999-09-30,2021-09-07,-271600000.0,13623500000.0,13393725000.0,5124400000.0,8499100000.0,1.065,7.112,-591600000.0,266100000.0,266100000.0,9193800000.0,1313600000.0,1.116,1.204,3270800000.0,1953700000.0,1317100000.0,3270800000.0,0.0,637500000.0,0.0,0.021,0.65,2210600000.0,2848100000.0,0.2,2848100000.0,2210600000.0,2020900000.0,1.515,1.5,1.515,6180500000.0,6037100000.0,6180500000.0,30758807972.0,14.0,10.8,1218900000.0,1.403,1.0,5075700000.0,0.356,4263000000.0,189700000.0,7774800000.0,7868300000.0,1921100000.0,0.0,0.0,0.0,7443000000.0,4590400000.0,2852600000.0,27456807972.0,56400000.0,-986500000.0,-323700000.0,717400000.0,-566400000.0,-172700000.0,-1578100000.0,0.0,1810500000.0,-3300000.0,1313600000.0,1313600000.0,1313600000.0,0.0,0.0,0.092,2865100000.0,2210600000.0,1068800000.0,0.429,4.442,20.902,20.855,3154400000.0,0.0,31.595,1.924,1.924,2516300000.0,7803700000.0,14269500000.0,14269500000.0,0.0,0.098,0.218,0.281,0.155,0.0,2770200000.0,1.0,869023832.0,869023832.0,,16.42,9360500000.0,0.0,707300000.0,263100000.0,10.771,534000000.0
82,EMR,MRT,1999-06-30,1999-06-30,1999-06-30,2021-09-07,-299200000.0,13534000000.0,13152800000.0,5161200000.0,8372800000.0,1.07,6.949,-603500000.0,332800000.0,332800000.0,9056400000.0,1287300000.0,1.112,1.237,3634800000.0,2301100000.0,1333700000.0,3634800000.0,0.0,1196100000.0,0.0,0.02,0.635,2182700000.0,3378800000.0,0.24,3378800000.0,2182700000.0,2005200000.0,1.48,1.465,1.48,6048900000.0,5942800000.0,6048900000.0,30421281123.0,14.0,9.004,1151400000.0,1.323,1.0,5021100000.0,0.357,4174700000.0,177500000.0,8020100000.0,7751275000.0,1887400000.0,0.0,0.0,0.0,7485100000.0,4641200000.0,2843900000.0,27394581123.0,-80900000.0,-1283600000.0,-401700000.0,1031700000.0,-555000000.0,75000000.0,-1919900000.0,0.0,1754900000.0,9100000.0,1287300000.0,1287300000.0,1287300000.0,0.0,0.0,0.091,2838400000.0,2182700000.0,836600000.0,0.429,4.529,21.281,21.264,3068500000.0,0.0,31.47,1.946,1.946,2563100000.0,7604600000.0,14077500000.0,14077500000.0,0.0,0.098,0.217,0.282,0.155,0.0,2757800000.0,1.0,870498288.0,870498288.0,,16.172,9359300000.0,0.0,717900000.0,195100000.0,10.752,520000000.0
83,EMR,MRT,1999-03-31,1999-03-31,1999-03-31,2021-09-07,-250400000.0,13255800000.0,12851475000.0,5190200000.0,8065600000.0,1.082,6.799,-604400000.0,305600000.0,305600000.0,8927500000.0,1267000000.0,1.182,1.229,3332300000.0,2046000000.0,1286300000.0,3332300000.0,0.0,1032100000.0,0.0,0.023,0.62,2144400000.0,3176500000.0,0.228,3176500000.0,2144400000.0,1978500000.0,1.45,1.435,1.45,5947100000.0,5873575000.0,5947100000.0,26085706041.0,12.0,8.212,1106800000.0,1.265,1.0,4981200000.0,0.358,4004100000.0,165900000.0,7887700000.0,7484125000.0,1926200000.0,0.0,0.0,0.0,7308700000.0,4390700000.0,2918000000.0,23154906041.0,-120900000.0,-925500000.0,-505100000.0,771400000.0,-544200000.0,-277900000.0,-1558200000.0,0.0,1711200000.0,4000000.0,1267000000.0,1267000000.0,1267000000.0,0.0,0.0,0.091,2836800000.0,2144400000.0,872300000.0,0.428,3.893,18.275,18.255,3048200000.0,0.0,26.47,1.665,1.665,2566100000.0,7400700000.0,13908700000.0,13908700000.0,0.0,0.099,0.216,0.287,0.154,0.0,2747100000.0,1.0,874760334.0,874760334.0,,15.9,9251700000.0,0.0,711500000.0,229500000.0,10.576,799500000.0
84,EMR,MRT,1998-12-31,1998-12-31,1998-12-31,2021-09-07,-166900000.0,13161600000.0,12565175000.0,5090700000.0,8070900000.0,1.091,6.816,-626900000.0,321700000.0,321700000.0,8777400000.0,1248700000.0,1.184,1.204,3252500000.0,2009200000.0,1243300000.0,3252500000.0,0.0,714900000.0,0.0,0.02,0.605,2115600000.0,2830500000.0,0.207,2830500000.0,2115600000.0,1954800000.0,1.425,1.41,1.425,5971900000.0,5819525000.0,5971900000.0,28876231299.0,14.0,10.202,1054300000.0,1.203,1.0,4925000000.0,0.359,4002300000.0,160800000.0,7790600000.0,7215900000.0,1998400000.0,0.0,0.0,0.0,7189700000.0,4299500000.0,2890200000.0,26504931299.0,-142500000.0,-964700000.0,-441300000.0,730800000.0,-533200000.0,-243700000.0,-1596900000.0,0.0,1681200000.0,16900000.0,1248700000.0,1248700000.0,1248700000.0,0.0,0.0,0.091,2809400000.0,2115600000.0,831300000.0,0.425,4.438,21.226,21.228,3053900000.0,0.0,30.25,1.934,1.934,2396100000.0,7216500000.0,13702400000.0,13702400000.0,0.0,0.099,0.215,0.293,0.154,0.0,2721700000.0,1.0,876196076.0,876196076.0,,15.639,9159300000.0,0.0,706100000.0,320300000.0,10.453,791200000.0
85,EMR,MRT,1998-09-30,1998-09-30,1998-09-30,2021-09-07,-236200000.0,12659800000.0,12254150000.0,5001300000.0,7658500000.0,1.097,6.588,-602600000.0,209700000.0,209700000.0,8595600000.0,1228600000.0,1.244,1.181,2581000000.0,1524400000.0,1056600000.0,2581000000.0,0.0,562500000.0,0.0,0.019,0.59,2075200000.0,2637700000.0,0.196,2637700000.0,2075200000.0,1923500000.0,1.4,1.385,1.4,5803300000.0,5738950000.0,5803300000.0,29609632288.0,14.0,11.226,1049000000.0,1.191,1.0,4851600000.0,0.361,3702700000.0,151700000.0,7306700000.0,6915175000.0,1996500000.0,0.0,0.0,0.0,6856500000.0,4021700000.0,2834800000.0,27418532288.0,-11400000.0,-496700000.0,-499400000.0,464900000.0,-521000000.0,-555500000.0,-1099300000.0,0.0,1651600000.0,-8200000.0,1228600000.0,1228600000.0,1228600000.0,0.0,0.0,0.091,2776400000.0,2075200000.0,1036700000.0,0.421,4.725,22.317,22.232,3011600000.0,0.0,31.125,2.039,2.039,2416100000.0,7056500000.0,13447200000.0,13447200000.0,0.0,0.1,0.214,0.3,0.154,0.0,2676700000.0,1.0,880916700.0,880916700.0,,15.265,8957100000.0,0.0,694900000.0,207900000.0,10.168,979600000.0
86,EMR,MRT,1998-06-30,1998-06-30,1998-06-30,2021-09-07,-224000000.0,12328700000.0,11955025000.0,5177900000.0,7150800000.0,1.102,6.519,-610400000.0,413700000.0,413700000.0,8406400000.0,1204700000.0,1.229,1.136,2604800000.0,1994400000.0,610400000.0,2604800000.0,0.0,511600000.0,0.0,0.019,0.578,2036600000.0,2548200000.0,0.193,2548200000.0,2036600000.0,1890200000.0,1.365,1.355,1.365,5772000000.0,5643300000.0,5772000000.0,28827312460.0,14.0,11.313,1025900000.0,1.159,1.0,4768800000.0,0.362,3356500000.0,146400000.0,6951500000.0,6663400000.0,1953900000.0,0.0,0.0,0.0,6556700000.0,4211800000.0,2344900000.0,26730912460.0,88300000.0,-454500000.0,-489600000.0,494600000.0,-510900000.0,-505900000.0,-1021000000.0,0.0,1636300000.0,-21100000.0,1204700000.0,1204700000.0,1204700000.0,0.0,0.0,0.091,2732200000.0,2036600000.0,767100000.0,0.423,4.631,22.189,22.117,2885300000.0,0.0,30.19,2.029,2.029,2445000000.0,6872300000.0,13175200000.0,13175200000.0,0.0,0.101,0.213,0.306,0.155,0.0,2638100000.0,1.0,885422738.0,885422738.0,,14.88,8972200000.0,0.0,685500000.0,244100000.0,10.133,966100000.0
87,EMR,MRT,1998-03-31,1998-03-31,1998-03-31,2021-09-07,-230100000.0,12110600000.0,11646975000.0,5095300000.0,7015300000.0,1.109,6.463,-613500000.0,426500000.0,426500000.0,8262300000.0,1176500000.0,1.25,1.113,2522900000.0,1921000000.0,601900000.0,2522900000.0,0.0,511600000.0,0.0,0.017,0.565,1993400000.0,2505000000.0,0.194,2505000000.0,1993400000.0,1854300000.0,1.33,1.32,1.33,5730900000.0,5580350000.0,5730900000.0,30860778523.0,15.0,12.32,1058900000.0,1.194,1.0,4656100000.0,0.36,3317400000.0,139100000.0,6814800000.0,6559600000.0,1877300000.0,0.0,0.0,0.0,6379700000.0,4074800000.0,2304900000.0,28904778523.0,142300000.0,-370200000.0,-435100000.0,408400000.0,-500300000.0,-527000000.0,-983600000.0,0.0,1672400000.0,-19500000.0,1176500000.0,1176500000.0,1176500000.0,0.0,0.0,0.091,2662700000.0,1993400000.0,725700000.0,0.425,5.044,24.568,24.508,2806800000.0,0.0,32.595,2.237,2.237,2385900000.0,6677900000.0,12918400000.0,12918400000.0,0.0,0.101,0.211,0.304,0.154,0.0,2575100000.0,1.0,886785658.0,886785658.0,,14.568,8793200000.0,0.0,677800000.0,256900000.0,9.916,1020500000.0
88,EMR,MRT,1997-12-31,1997-12-31,1997-12-31,2021-09-07,-190900000.0,11917500000.0,11349200000.0,4957000000.0,6960500000.0,1.114,6.42,-574200000.0,464200000.0,464200000.0,8090000000.0,1149300000.0,1.239,1.109,2420200000.0,1845900000.0,574300000.0,2420200000.0,0.0,511600000.0,0.0,0.02,0.552,1948600000.0,2460200000.0,0.195,2460200000.0,1948600000.0,1819400000.0,1.295,1.285,1.295,5649600000.0,5502025000.0,5649600000.0,26629310389.0,14.0,10.824,986300000.0,1.121,1.0,4549500000.0,0.36,3283700000.0,129200000.0,6587700000.0,6504100000.0,1874600000.0,0.0,0.0,0.0,6267900000.0,4002100000.0,2265800000.0,24834610389.0,282300000.0,-270600000.0,-469500000.0,491700000.0,-490000000.0,-467800000.0,-772800000.0,0.0,1560500000.0,-37600000.0,1149300000.0,1149300000.0,1149300000.0,0.0,0.0,0.091,2600900000.0,1948600000.0,746800000.0,0.426,4.396,21.608,21.792,2774000000.0,0.0,28.22,1.965,1.965,2226500000.0,6501000000.0,12639500000.0,12639500000.0,0.0,0.101,0.209,0.3,0.154,0.0,2514000000.0,1.0,880035804.0,880035804.0,,14.362,8633800000.0,0.0,670100000.0,280900000.0,9.811,954900000.0
89,EMR,MRT,1997-09-30,1997-09-30,1997-09-30,2021-09-07,-205900000.0,11463300000.0,11043925000.0,4716800000.0,6746500000.0,1.114,6.112,-575400000.0,221100000.0,221100000.0,7865600000.0,1121900000.0,1.228,1.115,2015800000.0,1445100000.0,570700000.0,2015800000.0,0.0,511600000.0,0.0,0.019,0.54,1904500000.0,2416100000.0,0.196,2416100000.0,1904500000.0,1783600000.0,1.26,1.25,1.26,5420700000.0,5463350000.0,5420700000.0,27310958561.0,14.0,11.304,923200000.0,1.041,1.0,4433000000.0,0.36,3116000000.0,120900000.0,6299600000.0,6483950000.0,1881600000.0,0.0,0.0,0.0,6042600000.0,3842400000.0,2200200000.0,25556358561.0,72100000.0,-285200000.0,-376600000.0,314500000.0,-480700000.0,-542800000.0,-860600000.0,0.0,1498600000.0,-23100000.0,1121900000.0,1121900000.0,1121900000.0,0.0,0.0,0.091,2528500000.0,1904500000.0,942100000.0,0.429,4.715,22.78,22.869,2735400000.0,0.0,28.815,2.078,2.078,2200200000.0,6348900000.0,12298600000.0,12298600000.0,0.0,0.102,0.205,0.294,0.155,0.0,2450900000.0,1.0,886911628.0,886911628.0,,13.867,8347300000.0,0.0,661700000.0,213300000.0,9.412,874400000.0
90,EMR,MRT,1997-06-30,1997-06-30,1997-06-30,2021-09-07,-85900000.0,11096500000.0,10798350000.0,4813200000.0,6283300000.0,1.112,6.22,,325400000.0,325400000.0,7693500000.0,1098100000.0,1.386,1.01,2080000000.0,1425300000.0,654700000.0,2080000000.0,0.0,,0.0,0.019,0.528,1863500000.0,,,,1863500000.0,1745500000.0,1.23,1.21,1.23,5520200000.0,5446525000.0,5520200000.0,26355119324.0,14.0,,,,1.0,4316500000.0,0.359,2842900000.0,118000000.0,6536300000.0,6476875000.0,1836300000.0,0.0,0.0,0.0,5576300000.0,3471900000.0,2104400000.0,24546619324.0,,,,,,,,,,,1098100000.0,1098100000.0,1098100000.0,0.0,0.0,0.091,2453000000.0,1863500000.0,751700000.0,0.429,4.447,22.354,22.411,2583200000.0,0.0,27.565,2.044,2.037,2284600000.0,6178500000.0,12010000000.0,12010000000.0,0.0,0.102,0.202,0.288,0.155,,2381200000.0,1.0,890499522.0,887500000.0,,13.532,8253600000.0,0.0,647400000.0,164000000.0,9.3,1341300000.0
91,EMR,MRT,1997-03-31,1997-03-31,1997-03-31,2021-09-07,-114700000.0,10919500000.0,,4698900000.0,6220600000.0,,6.072,,284200000.0,284200000.0,7486300000.0,1068400000.0,1.422,1.016,2092700000.0,1308900000.0,783800000.0,2092700000.0,0.0,,0.0,0.023,0.515,1815900000.0,,,,1815900000.0,1695700000.0,1.195,1.18,1.195,5417600000.0,,5417600000.0,21908734360.0,12.0,,,,1.0,4212100000.0,0.36,2830700000.0,120200000.0,6592800000.0,,1824100000.0,0.0,0.0,0.0,5501900000.0,3304500000.0,2197400000.0,20116134360.0,,,,,,,,,,,1068400000.0,1068400000.0,1068400000.0,0.0,0.0,0.091,2396200000.0,1815900000.0,725900000.0,0.431,3.713,18.828,18.828,2538000000.0,0.0,22.5,1.72,1.716,2254600000.0,6001600000.0,11698400000.0,11698400000.0,0.0,,,,0.155,,2326500000.0,1.0,894050416.0,892224000.0,,13.112,8088800000.0,0.0,627300000.0,177600000.0,9.066,1394400000.0
92,EMR,MRT,1996-12-31,1996-12-31,1996-12-31,2021-09-07,27400000.0,10696400000.0,,4329400000.0,6367000000.0,,6.141,,181900000.0,181900000.0,7320000000.0,1042900000.0,1.389,0.947,1974500000.0,1201300000.0,773200000.0,1974500000.0,0.0,,0.0,0.021,0.502,1776700000.0,,,,1776700000.0,1652400000.0,1.165,1.155,1.165,5494900000.0,,5494900000.0,,,,,,1.0,4094700000.0,0.359,2865400000.0,124300000.0,6507100000.0,,1816900000.0,0.0,0.0,0.0,5201500000.0,3116500000.0,2085000000.0,21653901076.0,,,,,,,,,,,1042900000.0,1042900000.0,1042900000.0,0.0,0.0,0.091,2318000000.0,1776700000.0,620600000.0,0.431,3.941,20.763,20.79,2490600000.0,0.0,24.22,1.897,1.899,2016400000.0,5841700000.0,11414700000.0,11414700000.0,0.0,,,,0.156,,2258300000.0,1.0,894050416.0,894816000.0,,12.756,7831000000.0,0.0,609500000.0,259000000.0,8.752,1212900000.0
93,EMR,MRT,1996-09-30,1996-09-30,1996-09-30,2021-09-07,-29200000.0,10481000000.0,,4187200000.0,6293800000.0,,,-513500000.0,149000000.0,149000000.0,7165000000.0,1018500000.0,1.386,0.958,1739600000.0,967000000.0,772600000.0,1739600000.0,0.0,464600000.0,0.0,0.022,0.49,1735900000.0,2200500000.0,0.197,2200500000.0,1735900000.0,1609000000.0,1.135,1.125,1.135,5353400000.0,,5353400000.0,,,,803800000.0,,1.0,3984900000.0,0.357,2779200000.0,126900000.0,6271300000.0,,1743900000.0,0.0,0.0,0.0,5127600000.0,3021100000.0,2106500000.0,,31700000.0,-27500000.0,-120300000.0,-190900000.0,-439100000.0,-750300000.0,-541000000.0,0.0,1317300000.0,5700000.0,1018500000.0,1018500000.0,1018500000.0,0.0,0.0,0.091,2249000000.0,1735900000.0,791300000.0,0.432,,,19.85,2450800000.0,0.0,22.53,,,1979800000.0,5707700000.0,11149900000.0,11149900000.0,0.0,,,,0.156,0.0,2192000000.0,1.0,,,,,7701800000.0,0.0,590500000.0,199500000.0,,1166100000.0
94,EMR,MRT,1996-06-30,1996-06-30,1996-06-30,2021-09-07,,,,,,,,,,,,,,,,,,,,,,0.022,0.49,,,,,,,,,,,,,,,,,,1.0,,,,,,,,,,,,,,,,,,,,,,,,,,,,,,,,,,,,,,,,22.375,,,,,,,,,,,,,,1.0,,896418000.0,,,,,,,,
95,EMR,MRT,1996-03-31,1996-03-31,1996-03-31,2021-09-07,,,,,,,,,,,,,,,,,,,,,,0.023,0.475,,,,,,,,,,,,,,,,,,1.0,,,,,,,,,,,,,,,,,,,,,,,,,,,,,,,,,,,,,,,,20.688,,,,,,,,,,,,,,1.0,,896222000.0,,,,,,,,
96,EMR,MRT,1995-09-30,1995-09-30,1995-09-30,2021-09-07,,,,,,,,-420700000.0,,,6480400000.0,907700000.0,,,,,,,,408900000.0,,0.025,0.445,1549200000.0,1958100000.0,0.196,1958100000.0,1549200000.0,1438600000.0,1.015,,1.015,,,,,,,721700000.0,,1.0,3532500000.0,0.353,,110600000.0,,,,,,,,,,,4000000.0,-206600000.0,-51300000.0,-65800000.0,-398500000.0,-515600000.0,-627300000.0,0.0,1142400000.0,4500000.0,907700000.0,907700000.0,907700000.0,0.0,0.0,0.091,1962000000.0,1570500000.0,,0.438,,,17.611,,0.0,17.875,,,,,10012900000.0,10012900000.0,0.0,,,,0.155,0.0,1933200000.0,1.0,,,,,,,530900000.0,,,
