None,ticker,dimension,calendardate,datekey,reportperiod,lastupdated,accoci,assets,assetsavg,assetsc,assetsnc,assetturnover,bvps,capex,cashneq,cashnequsd,cor,consolinc,currentratio,de,debt,debtc,debtnc,debtusd,deferredrev,depamor,deposits,divyield,dps,ebit,ebitda,ebitdamargin,ebitdausd,ebitusd,ebt,eps,epsdil,epsusd,equity,equityavg,equityusd,ev,evebit,evebitda,fcf,fcfps,fxusd,gp,grossmargin,intangibles,intexp,invcap,invcapavg,inventory,investments,investmentsc,investmentsnc,liabilities,liabilitiesc,liabilitiesnc,marketcap,ncf,ncfbus,ncfcommon,ncfdebt,ncfdiv,ncff,ncfi,ncfinv,ncfo,ncfx,netinc,netinccmn,netinccmnusd,netincdis,netincnci,netmargin,opex,opinc,payables,payoutratio,pb,pe,pe1,ppnenet,prefdivis,price,ps,ps1,receivables,retearn,revenue,revenueusd,rnd,roa,roe,roic,ros,sbcomp,sgna,sharefactor,sharesbas,shareswa,shareswadil,sps,tangibles,taxassets,taxexp,taxliabilities,tbvps,workingcapital
0,AWK,MRY,2020-12-31,2020-12-31,2020-12-31,2021-08-02,-49000000.0,24766000000.0,24178750000.0,1906000000.0,22860000000.0,0.156,35.657,-1926000000.0,547000000.0,547000000.0,1622000000.0,709000000.0,0.662,2.837,11025000000.0,1611000000.0,9414000000.0,11025000000.0,0.0,604000000.0,0.0,0.014,2.15,1622000000.0,2226000000.0,0.589,2226000000.0,1622000000.0,1227000000.0,3.91,3.91,3.91,6454000000.0,6386750000.0,6454000000.0,38037813073.0,23.0,17.088,-500000000.0,-2.762,1.0,2155000000.0,0.571,1559000000.0,395000000.0,30804000000.0,30270500000.0,47000000.0,29000000.0,29000000.0,0.0,18312000000.0,2881000000.0,15431000000.0,27819813073.0,485000000.0,-135000000.0,9000000.0,1472000000.0,-389000000.0,1120000000.0,-2061000000.0,0.0,1426000000.0,0.0,709000000.0,709000000.0,709000000.0,0.0,0.0,0.188,604000000.0,1551000000.0,189000000.0,0.55,4.31,39.238,39.251,19805000000.0,0.0,153.47,7.366,7.355,527000000.0,102000000.0,3777000000.0,3777000000.0,0.0,0.029,0.111,0.054,0.429,0.0,0.0,1.0,181271995.0,181000000,182000000.0,20.867,23207000000.0,0.0,518000000.0,2163000000.0,128.215,-975000000.0
1,AWK,MRY,2019-12-31,2019-12-31,2019-12-31,2021-08-02,-36000000.0,22682000000.0,22059500000.0,1285000000.0,21397000000.0,0.164,33.818,-1710000000.0,60000000.0,60000000.0,1544000000.0,621000000.0,0.628,2.706,9547000000.0,814000000.0,8733000000.0,9547000000.0,0.0,582000000.0,0.0,0.016,1.955,1495000000.0,2077000000.0,0.575,2077000000.0,1495000000.0,1113000000.0,3.44,3.43,3.44,6121000000.0,6067500000.0,6121000000.0,31357352362.0,21.0,15.097,-327000000.0,-1.807,1.0,2066000000.0,0.572,1568000000.0,382000000.0,28556000000.0,27830000000.0,44000000.0,31000000.0,31000000.0,0.0,16561000000.0,2045000000.0,14516000000.0,22208352362.0,-68000000.0,-235000000.0,-21000000.0,842000000.0,-353000000.0,494000000.0,-1945000000.0,0.0,1383000000.0,0.0,621000000.0,621000000.0,621000000.0,0.0,0.0,0.172,616000000.0,1450000000.0,203000000.0,0.568,3.628,35.762,35.712,18335000000.0,0.0,122.85,6.152,6.16,466000000.0,-207000000.0,3610000000.0,3610000000.0,0.0,0.028,0.102,0.054,0.414,0.0,0.0,1.0,180776169.0,181000000,181000000.0,19.945,21114000000.0,0.0,492000000.0,1939000000.0,116.652,-760000000.0
2,AWK,MRY,2018-12-31,2018-12-31,2018-12-31,2021-08-02,-34000000.0,21223000000.0,20575500000.0,781000000.0,20442000000.0,0.167,32.578,-1638000000.0,130000000.0,130000000.0,1479000000.0,565000000.0,0.373,2.619,8611000000.0,1035000000.0,7576000000.0,8611000000.0,0.0,545000000.0,0.0,0.02,1.78,1416000000.0,1961000000.0,0.57,1961000000.0,1416000000.0,1066000000.0,3.16,3.15,3.16,5864000000.0,5727750000.0,5864000000.0,24710952531.0,17.0,12.601,-252000000.0,-1.4,1.0,1961000000.0,0.57,1659000000.0,350000000.0,25951000000.0,24899000000.0,41000000.0,28000000.0,28000000.0,0.0,15359000000.0,2094000000.0,13265000000.0,16392952531.0,76000000.0,-398000000.0,154000000.0,870000000.0,-319000000.0,726000000.0,-2036000000.0,0.0,1386000000.0,0.0,567000000.0,567000000.0,567000000.0,0.0,-2000000.0,0.165,582000000.0,1379000000.0,175000000.0,0.563,2.796,28.912,28.725,17409000000.0,0.0,90.77,4.765,4.75,487000000.0,-464000000.0,3440000000.0,3440000000.0,0.0,0.028,0.099,0.057,0.412,0.0,0.0,1.0,180598794.0,180000000,180000000.0,19.111,19564000000.0,0.0,499000000.0,1785000000.0,108.689,-1313000000.0
3,AWK,MRY,2017-12-31,2017-12-31,2017-12-31,2021-08-02,-79000000.0,19482000000.0,19104750000.0,720000000.0,18762000000.0,0.176,30.253,-1495000000.0,55000000.0,55000000.0,1369000000.0,426000000.0,0.31,2.618,7725000000.0,1227000000.0,6498000000.0,7725000000.0,0.0,492000000.0,0.0,0.018,1.62,1513000000.0,2005000000.0,0.597,2005000000.0,1513000000.0,1171000000.0,2.39,2.38,2.39,5385000000.0,5393500000.0,5385000000.0,23697565346.0,16.0,11.819,-46000000.0,-0.258,1.0,1988000000.0,0.592,1388000000.0,342000000.0,23439000000.0,22866000000.0,41000000.0,27000000.0,27000000.0,0.0,14097000000.0,2325000000.0,11772000000.0,16319565346.0,-16000000.0,-177000000.0,-39000000.0,507000000.0,-289000000.0,207000000.0,-1672000000.0,0.0,1449000000.0,0.0,426000000.0,426000000.0,426000000.0,0.0,0.0,0.127,476000000.0,1512000000.0,195000000.0,0.678,3.031,38.309,38.28,16246000000.0,0.0,91.49,4.861,4.851,484000000.0,-723000000.0,3357000000.0,3357000000.0,0.0,0.022,0.079,0.066,0.451,0.0,0.0,1.0,178375400.0,178000000,179000000.0,18.86,18094000000.0,0.0,745000000.0,1606000000.0,101.652,-1605000000.0
4,AWK,MRY,2016-12-31,2016-12-31,2016-12-31,2021-08-02,-86000000.0,18482000000.0,17894000000.0,784000000.0,17698000000.0,0.185,29.315,-1386000000.0,75000000.0,75000000.0,1499000000.0,468000000.0,0.328,2.542,7182000000.0,1423000000.0,5759000000.0,7182000000.0,0.0,470000000.0,0.0,0.02,1.465,1353000000.0,1823000000.0,0.552,1823000000.0,1353000000.0,1028000000.0,2.63,2.62,2.63,5218000000.0,5172750000.0,5218000000.0,19691323636.0,15.0,10.802,-97000000.0,-0.545,1.0,1803000000.0,0.546,1345000000.0,325000000.0,21852000000.0,21509250000.0,39000000.0,20000000.0,20000000.0,0.0,13264000000.0,2392000000.0,10872000000.0,12880323636.0,27000000.0,-204000000.0,-52000000.0,625000000.0,-261000000.0,328000000.0,-1590000000.0,0.0,1289000000.0,0.0,468000000.0,468000000.0,468000000.0,0.0,0.0,0.142,460000000.0,1343000000.0,154000000.0,0.557,2.468,27.522,27.513,14992000000.0,0.0,72.36,3.901,3.901,532000000.0,-873000000.0,3302000000.0,3302000000.0,0.0,0.026,0.09,0.063,0.41,0.0,0.0,1.0,178003367.0,178000000,179000000.0,18.551,17137000000.0,0.0,560000000.0,2650000000.0,96.275,-1608000000.0
5,AWK,MRY,2015-12-31,2015-12-31,2015-12-31,2021-08-02,-88000000.0,17241000000.0,16835509000.0,657000000.0,16584000000.0,0.188,28.207,-1267000000.0,45000000.0,45000000.0,1404000000.0,476000000.0,0.429,2.415,6556000000.0,682000000.0,5874000000.0,6556000000.0,0.0,440000000.0,0.0,0.022,1.33,1333000000.0,1773000000.0,0.561,1773000000.0,1333000000.0,1025000000.0,2.66,2.64,2.66,5049000000.0,5065195000.0,5049000000.0,16990657817.0,13.0,9.583,-72000000.0,-0.402,1.0,1755000000.0,0.556,1302000000.0,308000000.0,20917000000.0,20457804250.0,38000000.0,21000000.0,21000000.0,0.0,12192000000.0,1533000000.0,10659000000.0,10723299817.0,26000000.0,-197000000.0,-87000000.0,606000000.0,-239000000.0,290000000.0,-1459000000.0,5000000.0,1195000000.0,0.0,476000000.0,476000000.0,476000000.0,0.0,0.0,0.151,437000000.0,1318000000.0,126000000.0,0.5,2.124,22.528,22.462,13933000000.0,0.0,59.75,3.395,3.386,522000000.0,-1073000000.0,3159000000.0,3159000000.0,0.0,0.028,0.094,0.065,0.422,0.0,0.0,1.0,179469453.0,179000000,180000000.0,17.648,15939000000.0,0.0,549000000.0,2360000000.0,89.045,-876000000.0
6,AWK,MRY,2014-12-31,2014-12-31,2014-12-31,2021-08-02,-82000000.0,16038000000.0,15613728750.0,575000000.0,15463000000.0,0.193,27.458,-1034000000.0,23000000.0,23000000.0,1350000000.0,423000000.0,0.463,2.263,5938000000.0,511000000.0,5427000000.0,5938000000.0,0.0,424000000.0,0.0,0.023,1.21,1238000000.0,1662000000.0,0.552,1662000000.0,1238000000.0,939000000.0,2.36,2.35,2.36,4915000000.0,4877216250.0,4915000000.0,15393252098.0,12.0,9.262,63000000.0,0.352,1.0,1661000000.0,0.552,1208000000.0,299000000.0,19504000000.0,19093793750.0,37000000.0,14000000.0,14000000.0,0.0,11123000000.0,1241000000.0,9882000000.0,9557172098.0,-4000000.0,-9000000.0,21000000.0,76000000.0,-216000000.0,-87000000.0,-1014000000.0,29000000.0,1097000000.0,0.0,423000000.0,423000000.0,423000000.0,7000000.0,0.0,0.14,422000000.0,1239000000.0,100000000.0,0.513,1.944,22.594,22.585,13029000000.0,0.0,53.3,3.174,3.169,453000000.0,-1296000000.0,3011000000.0,3011000000.0,0.0,0.027,0.087,0.065,0.411,0.0,0.0,1.0,179309045.0,179000000,180000000.0,16.821,14830000000.0,0.0,516000000.0,2084000000.0,82.849,-666000000.0
7,AWK,MRY,2013-12-31,2013-12-31,2013-12-31,2021-08-02,-34635000.0,15088142000.0,15015795250.0,571807000.0,14516335000.0,0.192,26.561,-1045000000.0,26964000.0,26964000.0,1289000000.0,369000000.0,0.463,2.191,5857362000.0,644481000.0,5212881000.0,5857362000.0,0.0,407000000.0,0.0,0.02,0.84,1148000000.0,1555000000.0,0.54,1555000000.0,1148000000.0,840000000.0,2.08,2.06,2.08,4727804000.0,4610201000.0,4727804000.0,13178586565.0,11.0,8.475,-149000000.0,-0.837,1.0,1590000000.0,0.552,1207764000.0,308000000.0,18475243000.0,18419441500.0,32973000.0,29259000.0,28505000.0,754000.0,10360338000.0,1235533000.0,9124805000.0,7533867565.0,3000000.0,-24000000.0,26000000.0,264000000.0,-149000000.0,160000000.0,-1053000000.0,16000000.0,896000000.0,0.0,369000000.0,369000000.0,369000000.0,2000000.0,0.0,0.128,408000000.0,1182000000.0,264115000.0,0.404,1.594,20.417,20.317,12388354000.0,0.0,42.26,2.617,2.613,423828000.0,-1495698000.0,2879000000.0,2879000000.0,0.0,0.025,0.08,0.062,0.399,0.0,0.0,1.0,178274197.0,178000000,179000000.0,16.174,13880378000.0,23500000.0,471000000.0,1899271000.0,77.98,-663726000.0
8,AWK,MRY,2012-12-31,2012-12-31,2012-12-31,2021-08-02,-116191000.0,14718976000.0,14454752750.0,499447000.0,14219529000.0,0.197,25.182,-985675000.0,24433000.0,24433000.0,1329500000.0,358070000.0,0.502,2.312,5576413000.0,385904000.0,5190509000.0,5576413000.0,0.0,381503000.0,0.0,0.033,1.21,1146409000.0,1527912000.0,0.535,1527912000.0,1146409000.0,835615000.0,2.03,2.01,2.03,4443268000.0,4365801250.0,4443268000.0,12061817613.0,11.0,7.894,-30077000.0,-0.17,1.0,1524426000.0,0.534,1207250000.0,310794000.0,18068874000.0,17870208000.0,29772000.0,40547000.0,29756000.0,10791000.0,10273988000.0,994832000.0,9279156000.0,6562979613.0,10226000.0,-44560000.0,27860000.0,-409793000.0,-213459000.0,-563016000.0,-382356000.0,647879000.0,955598000.0,0.0,358070000.0,358070000.0,358070000.0,15532000.0,0.0,0.125,379564000.0,1144862000.0,279613000.0,0.596,1.477,18.329,18.291,11739364000.0,0.0,37.13,2.3,2.296,375409000.0,-1664955000.0,2853926000.0,2853926000.0,0.0,0.025,0.082,0.064,0.402,11470000.0,0.0,1.0,176756790.0,176445000,177671000.0,16.175,13511726000.0,9594000.0,477545000.0,1608977000.0,76.578,-495385000.0
9,AWK,MRY,2011-12-31,2011-12-31,2011-12-31,2021-08-02,-97677000.0,14776391000.0,14447786750.0,1397659000.0,13378732000.0,0.185,24.138,-977992000.0,14207000.0,14207000.0,1301794000.0,309613000.0,0.939,2.487,5883855000.0,543908000.0,5339947000.0,5883855000.0,0.0,351821000.0,0.0,0.028,0.9,1031257000.0,1383078000.0,0.519,1383078000.0,1031257000.0,718842000.0,1.76,1.75,1.76,4235837000.0,4199626750.0,4235837000.0,11355804661.0,11.0,8.211,-169635000.0,-0.967,1.0,1364442000.0,0.512,1195069000.0,312415000.0,17961865000.0,17698664250.0,28598000.0,57941000.0,32438000.0,25503000.0,10536007000.0,1489105000.0,9046902000.0,5591947661.0,1095000.0,-7220000.0,13866000.0,228075000.0,-157855000.0,105135000.0,-912397000.0,72815000.0,808357000.0,0.0,309613000.0,309613000.0,309613000.0,-4684000.0,0.0,0.116,350828000.0,1013614000.0,243709000.0,0.511,1.32,18.061,18.102,11021098000.0,0.0,31.86,2.097,2.097,366828000.0,-1848801000.0,2666236000.0,2666236000.0,0.0,0.021,0.074,0.058,0.387,10008000.0,0.0,1.0,175516248.0,175484000,176531000.0,15.194,13581322000.0,7672000.0,409229000.0,1307869000.0,77.394,-91446000.0
10,AWK,MRY,2010-12-31,2010-12-31,2010-12-31,2021-08-02,-71446000.0,14086246000.0,13845999750.0,1457775000.0,12628471000.0,0.185,23.61,-809331000.0,13112000.0,13112000.0,1290941000.0,267827000.0,1.317,2.411,5659132000.0,264997000.0,5394135000.0,5659132000.0,0.0,330264000.0,0.0,0.034,0.86,961541000.0,1291805000.0,0.506,1291805000.0,961541000.0,647776000.0,1.53,1.53,1.53,4127725000.0,4074298500.0,4127725000.0,9996414570.0,10.0,7.738,-34398000.0,-0.197,1.0,1264094000.0,0.495,1195585000.0,313765000.0,17429917000.0,17356853750.0,27743000.0,120784000.0,94066000.0,26718000.0,9953974000.0,1106764000.0,8847210000.0,4422542570.0,-9144000.0,-1642000.0,6711000.0,99442000.0,-150301000.0,-37334000.0,-746743000.0,64230000.0,774933000.0,0.0,267827000.0,267827000.0,267827000.0,-12755000.0,0.0,0.105,330375000.0,933719000.0,188343000.0,0.562,1.071,16.513,16.529,10381640000.0,0.0,25.29,1.731,1.731,332738000.0,-1959235000.0,2555035000.0,2555035000.0,0.0,0.019,0.066,0.055,0.376,10334000.0,0.0,1.0,174873174.0,174833000,175124000.0,14.614,12890661000.0,6473000.0,379949000.0,1178158000.0,73.731,351011000.0
11,AWK,MRY,2009-12-31,2009-12-31,2009-12-31,2021-08-02,-64677000.0,13452651000.0,13223913250.0,499127000.0,12953524000.0,0.173,23.791,-815165000.0,22256000.0,22256000.0,1182376000.0,-233083000.0,0.822,2.361,5461745000.0,173565000.0,5288180000.0,5461745000.0,0.0,309874000.0,0.0,0.037,0.82,363952000.0,673826000.0,0.294,673826000.0,363952000.0,67329000.0,-1.39,-1.39,-1.39,4000859000.0,3894164500.0,4000859000.0,9233553395.0,25.0,13.703,-219009000.0,-1.302,1.0,1108070000.0,0.484,1250381000.0,296623000.0,17034367000.0,16545854750.0,29521000.0,61232000.0,41020000.0,20212000.0,9447235000.0,607392000.0,8839843000.0,3912793395.0,12714000.0,-18144000.0,244390000.0,-7883000.0,-137331000.0,120169000.0,-703611000.0,130948000.0,596156000.0,0.0,-233083000.0,-233083000.0,-233083000.0,13085000.0,0.0,-0.102,737615000.0,370455000.0,138609000.0,-0.59,0.978,-16.787,-16.122,10677393000.0,0.0,22.41,1.708,1.645,335730000.0,-2076287000.0,2290446000.0,2290446000.0,0.0,-0.018,-0.06,0.022,0.159,7602000.0,0.0,1.0,174600330.0,168164000,168164000.0,13.62,12202270000.0,17920000.0,300412000.0,929819000.0,72.562,-108265000.0
12,AWK,MRY,2008-12-31,2008-12-31,2008-12-31,2021-08-02,-82251000.0,13231818000.0,12701809000.0,417675000.0,12814143000.0,0.184,25.643,-1033599000.0,9542000.0,9542000.0,1262283000.0,-562421000.0,0.378,2.225,5278895000.0,654832000.0,4624063000.0,5278895000.0,0.0,312776000.0,0.0,0.019,0.4,33700000.0,346476000.0,0.148,346476000.0,33700000.0,-251455000.0,-3.52,-3.52,-3.52,4102001000.0,4044170750.0,4102001000.0,8426296663.0,250.0,24.32,-481430000.0,-3.01,1.0,1074645000.0,0.46,1699517000.0,285155000.0,15696894000.0,15198935500.0,28948000.0,11053000.0,454000.0,10599000.0,9125260000.0,1104760000.0,8020500000.0,3340462663.0,-3939000.0,-12512000.0,245836000.0,292929000.0,-64055000.0,477559000.0,-1033667000.0,15061000.0,552169000.0,0.0,-562421000.0,-562421000.0,-562421000.0,0.0,0.0,-0.241,1062402000.0,12243000.0,149795000.0,-0.114,0.814,-5.939,-5.932,10123928000.0,0.0,20.88,1.429,1.429,333635000.0,-1705594000.0,2336928000.0,2336928000.0,0.0,-0.044,-0.139,0.002,0.014,4534000.0,0.0,1.0,159983844.0,159967000,159967000.0,14.609,11532301000.0,0.0,310966000.0,792098000.0,72.092,-687085000.0
13,AWK,MRY,2007-12-31,2007-12-31,2007-12-31,2021-08-02,-18383000.0,12951327000.0,12867193000.0,430354000.0,12520973000.0,0.172,28.388,-760662000.0,13481000.0,13481000.0,1246479000.0,-342826000.0,0.556,1.851,4991806000.0,316969000.0,4674837000.0,4991806000.0,0.0,267335000.0,0.0,,0.0,210348000.0,477683000.0,0.216,477683000.0,210348000.0,-72817000.0,-2.14,-2.14,-2.14,4542046000.0,4179721500.0,4542046000.0,,,,-286950000.0,-1.793,1.0,967736000.0,0.437,2456952000.0,283165000.0,14698211000.0,13614446500.0,27458000.0,13510000.0,3258000.0,10252000.0,8409281000.0,774489000.0,7634792000.0,,-16273000.0,-6217000.0,967092000.0,1004043000.0,0.0,256593000.0,-746578000.0,22175000.0,473712000.0,0.0,-342826000.0,-342826000.0,-342826000.0,551000.0,0.0,-0.155,769354000.0,198382000.0,168886000.0,0.0,,,,9317961000.0,0.0,,,,350694000.0,-1079118000.0,2214215000.0,2214215000.0,0.0,-0.027,-0.082,0.015,0.095,0.0,0.0,1.0,160000000.0,160000000,160000000.0,13.839,10494375000.0,0.0,270009000.0,730281000.0,65.59,-344135000.0
14,AWK,MRY,2006-12-31,2006-12-31,2006-12-31,2021-08-02,0.0,12783059000.0,,412441000.0,12370618000.0,,23.859,-703309000.0,29754000.0,29754000.0,1174544000.0,-162243000.0,0.302,2.349,4103532000.0,1007128000.0,3096404000.0,4103532000.0,0.0,259181000.0,0.0,,0.0,435704000.0,694885000.0,0.332,694885000.0,435704000.0,69734000.0,-1.01,-1.01,-1.01,3817397000.0,,3817397000.0,,,,-379561000.0,-2.372,1.0,918523000.0,0.439,2962493000.0,365970000.0,12530682000.0,,23012000.0,19339000.0,2100000.0,17239000.0,8965662000.0,1363662000.0,7602000000.0,,-35323000.0,17617000.0,0.0,285462000.0,0.0,332367000.0,-691438000.0,-5746000.0,323748000.0,0.0,-162243000.0,-162243000.0,-162243000.0,6393000.0,0.0,-0.078,480945000.0,437578000.0,140691000.0,0.0,,,,8720557000.0,0.0,,,,308165000.0,,2093067000.0,2093067000.0,0.0,,,,0.208,0.0,0.0,1.0,,160000000,160000000.0,13.082,9820566000.0,0.0,231977000.0,648051000.0,61.379,-951221000.0
15,AWK,MRY,2005-12-31,2005-12-31,2005-12-31,2021-08-02,,,,,,,,-558446000.0,,,1201566000.0,-325040000.0,,,,,,,,261364000.0,,,0.0,254520000.0,515884000.0,0.241,515884000.0,254520000.0,-90737000.0,-2.03,-2.03,-2.03,,,,,,,-33011000.0,-0.206,1.0,935180000.0,0.438,,345257000.0,,,,,,,,,,,-13779000.0,10357000.0,0.0,-60398000.0,0.0,-9049000.0,-530165000.0,29480000.0,525435000.0,0.0,-325040000.0,-325040000.0,-325040000.0,49910000.0,0.0,-0.152,640281000.0,294899000.0,,0.0,,,,,0.0,,,,,,2136746000.0,2136746000.0,0.0,,,,0.119,0.0,0.0,1.0,,160000000,160000000.0,13.355,,,234303000.0,,,
0,AWK,MRQ,2021-06-30,2021-06-30,2021-06-30,2021-08-02,-46000000.0,24952000000.0,,1570000000.0,23382000000.0,,36.758,-435000000.0,70000000.0,70000000.0,431000000.0,207000000.0,0.918,2.73,11080000000.0,655000000.0,10425000000.0,11080000000.0,0.0,158000000.0,0.0,0.015,0.603,432000000.0,590000000.0,0.591,590000000.0,432000000.0,331000000.0,1.14,1.14,1.14,6690000000.0,,6690000000.0,38738847179.0,23.0,17.051,-94000000.0,-0.516,1.0,568000000.0,0.569,1561000000.0,101000000.0,32691000000.0,,52000000.0,34000000.0,34000000.0,0.0,18262000000.0,1710000000.0,16552000000.0,27969847179.0,5000000.0,-36000000.0,3000000.0,225000000.0,-109000000.0,135000000.0,-471000000.0,0.0,341000000.0,0.0,207000000.0,207000000.0,207000000.0,0.0,0.0,0.207,158000000.0,410000000.0,146000000.0,0.529,4.181,37.343,37.32,20308000000.0,0.0,154.13,7.192,7.213,565000000.0,332000000.0,999000000.0,999000000.0,0.0,,,,,0.0,0.0,1.0,181469196.0,182000000,182000000.0,5.489,23391000000.0,0.0,124000000.0,2320000000.0,128.522,-140000000.0
1,AWK,MRQ,2021-03-31,2021-03-31,2021-03-31,2021-08-02,-48000000.0,24525000000.0,,1466000000.0,23059000000.0,,36.37,-360000000.0,69000000.0,69000000.0,419000000.0,133000000.0,0.598,2.726,10838000000.0,1426000000.0,9412000000.0,10838000000.0,0.0,157000000.0,0.0,0.015,0.55,336000000.0,493000000.0,0.555,493000000.0,336000000.0,238000000.0,0.73,0.73,0.73,6583000000.0,,6583000000.0,37679373110.0,23.0,16.806,-181000000.0,-1.0,1.0,469000000.0,0.528,1563000000.0,98000000.0,31280000000.0,,52000000.0,30000000.0,30000000.0,0.0,17942000000.0,2451000000.0,15491000000.0,27201373110.0,-477000000.0,-3000000.0,-11000000.0,-189000000.0,-100000000.0,-293000000.0,-363000000.0,0.0,179000000.0,0.0,133000000.0,133000000.0,133000000.0,0.0,0.0,0.15,157000000.0,312000000.0,134000000.0,0.753,4.132,37.885,37.859,20003000000.0,0.0,149.92,7.119,7.102,493000000.0,235000000.0,888000000.0,888000000.0,0.0,,,,,0.0,0.0,1.0,181439255.0,181000000,182000000.0,4.906,22962000000.0,0.0,105000000.0,2299000000.0,126.862,-985000000.0
2,AWK,MRQ,2020-12-31,2020-12-31,2020-12-31,2021-08-02,-49000000.0,24766000000.0,,1906000000.0,22860000000.0,,35.657,-539000000.0,547000000.0,547000000.0,429000000.0,145000000.0,0.662,2.837,11025000000.0,1611000000.0,9414000000.0,11025000000.0,0.0,153000000.0,0.0,0.014,0.55,358000000.0,511000000.0,0.554,511000000.0,358000000.0,259000000.0,0.8,0.8,0.8,6454000000.0,,6454000000.0,38037813073.0,23.0,17.088,-101000000.0,-0.558,1.0,494000000.0,0.535,1559000000.0,99000000.0,30804000000.0,,47000000.0,29000000.0,29000000.0,0.0,18312000000.0,2881000000.0,15431000000.0,27819813073.0,-23000000.0,-76000000.0,3000000.0,242000000.0,-99000000.0,154000000.0,-615000000.0,0.0,438000000.0,0.0,145000000.0,145000000.0,145000000.0,0.0,0.0,0.157,153000000.0,341000000.0,189000000.0,0.688,4.31,39.238,39.251,19805000000.0,0.0,153.47,7.366,7.355,527000000.0,102000000.0,923000000.0,923000000.0,0.0,,,,,0.0,0.0,1.0,181271995.0,181000000,185000000.0,5.099,23207000000.0,0.0,114000000.0,2163000000.0,128.215,-975000000.0
3,AWK,MRQ,2020-09-30,2020-09-30,2020-09-30,2021-08-02,-38000000.0,24394000000.0,,1967000000.0,22427000000.0,,35.978,-469000000.0,560000000.0,560000000.0,419000000.0,264000000.0,0.87,2.746,10778000000.0,1111000000.0,9667000000.0,10778000000.0,0.0,154000000.0,0.0,0.014,0.55,524000000.0,678000000.0,0.628,678000000.0,524000000.0,425000000.0,1.46,1.46,1.46,6512000000.0,,6512000000.0,36349845372.0,23.0,16.736,-12000000.0,-0.066,1.0,660000000.0,0.612,1562000000.0,99000000.0,30790000000.0,,49000000.0,39000000.0,39000000.0,0.0,17882000000.0,2260000000.0,15622000000.0,26252845372.0,-6000000.0,-19000000.0,4000000.0,112000000.0,-100000000.0,25000000.0,-488000000.0,0.0,457000000.0,0.0,264000000.0,264000000.0,264000000.0,0.0,0.0,0.245,154000000.0,506000000.0,162000000.0,0.377,4.031,39.657,39.585,19364000000.0,0.0,144.88,6.99,6.982,559000000.0,157000000.0,1079000000.0,1079000000.0,0.0,,,,,0.0,0.0,1.0,181204068.0,181000000,182000000.0,5.961,22832000000.0,0.0,161000000.0,2124000000.0,126.144,-293000000.0
4,AWK,MRQ,2020-06-30,2020-06-30,2020-06-30,2021-08-02,-39000000.0,24009000000.0,,1896000000.0,22113000000.0,,35.017,-489000000.0,569000000.0,569000000.0,391000000.0,176000000.0,0.897,2.788,10666000000.0,989000000.0,9677000000.0,10666000000.0,0.0,152000000.0,0.0,0.016,0.55,408000000.0,560000000.0,0.602,560000000.0,408000000.0,307000000.0,0.97,0.97,0.97,6338000000.0,,6338000000.0,33136409145.0,22.0,15.623,-138000000.0,-0.762,1.0,540000000.0,0.58,1567000000.0,101000000.0,30426000000.0,,51000000.0,36000000.0,36000000.0,0.0,17671000000.0,2113000000.0,15558000000.0,23290409145.0,16000000.0,-19000000.0,7000000.0,262000000.0,-100000000.0,173000000.0,-508000000.0,0.0,351000000.0,0.0,176000000.0,176000000.0,176000000.0,0.0,0.0,0.189,152000000.0,388000000.0,169000000.0,0.567,3.675,36.505,36.448,19043000000.0,0.0,128.66,6.312,6.311,505000000.0,-7000000.0,931000000.0,931000000.0,0.0,,,,,0.0,0.0,1.0,181022922.0,181000000,181000000.0,5.144,22442000000.0,0.0,131000000.0,2038000000.0,123.989,-217000000.0
5,AWK,MRQ,2020-03-31,2020-03-31,2020-03-31,2021-08-02,-41000000.0,23546000000.0,,1801000000.0,21745000000.0,,34.492,-429000000.0,556000000.0,556000000.0,383000000.0,124000000.0,0.651,2.772,10402000000.0,1690000000.0,8712000000.0,10402000000.0,0.0,145000000.0,0.0,0.017,0.5,332000000.0,477000000.0,0.565,477000000.0,332000000.0,236000000.0,0.69,0.68,0.69,6243000000.0,,6243000000.0,31124337404.0,21.0,14.849,-249000000.0,-1.376,1.0,461000000.0,0.546,1563000000.0,96000000.0,29062000000.0,,50000000.0,33000000.0,33000000.0,0.0,17303000000.0,2767000000.0,14536000000.0,21637337404.0,498000000.0,-21000000.0,-5000000.0,856000000.0,-90000000.0,768000000.0,-450000000.0,0.0,180000000.0,0.0,124000000.0,124000000.0,124000000.0,0.0,0.0,0.147,145000000.0,316000000.0,152000000.0,0.725,3.466,34.236,34.16,18689000000.0,0.0,119.56,5.943,5.944,464000000.0,-83000000.0,844000000.0,844000000.0,0.0,,,,,0.0,0.0,1.0,180974719.0,181000000,181000000.0,4.663,21983000000.0,0.0,112000000.0,1993000000.0,121.453,-966000000.0
6,AWK,MRQ,2019-12-31,2019-12-31,2019-12-31,2021-08-02,-36000000.0,22682000000.0,,1285000000.0,21397000000.0,,33.818,-541000000.0,60000000.0,60000000.0,412000000.0,98000000.0,0.628,2.706,9547000000.0,814000000.0,8733000000.0,9547000000.0,0.0,152000000.0,0.0,0.016,0.5,305000000.0,457000000.0,0.507,457000000.0,305000000.0,207000000.0,0.54,0.54,0.54,6121000000.0,,6121000000.0,31357352362.0,21.0,15.097,-103000000.0,-0.569,1.0,490000000.0,0.543,1568000000.0,98000000.0,28556000000.0,,44000000.0,31000000.0,31000000.0,0.0,16561000000.0,2045000000.0,14516000000.0,22208352362.0,-25000000.0,-150000000.0,2000000.0,306000000.0,-90000000.0,228000000.0,-691000000.0,0.0,438000000.0,0.0,98000000.0,98000000.0,98000000.0,0.0,0.0,0.109,195000000.0,295000000.0,203000000.0,0.926,3.628,35.762,35.712,18335000000.0,0.0,122.85,6.152,6.16,466000000.0,-207000000.0,902000000.0,902000000.0,0.0,,,,,0.0,0.0,1.0,180776169.0,181000000,181000000.0,4.983,21114000000.0,0.0,109000000.0,1939000000.0,116.652,-760000000.0
7,AWK,MRQ,2019-09-30,2019-09-30,2019-09-30,2021-08-02,-46000000.0,22238000000.0,,799000000.0,21439000000.0,,34.199,-432000000.0,94000000.0,94000000.0,395000000.0,240000000.0,0.537,2.593,9243000000.0,503000000.0,8740000000.0,9243000000.0,0.0,144000000.0,0.0,0.015,0.5,483000000.0,627000000.0,0.619,627000000.0,483000000.0,386000000.0,1.33,1.33,1.33,6190000000.0,,6190000000.0,31545482561.0,21.0,15.101,33000000.0,0.182,1.0,618000000.0,0.61,1650000000.0,97000000.0,28249000000.0,,46000000.0,22000000.0,22000000.0,0.0,16048000000.0,1488000000.0,14560000000.0,22442482561.0,29000000.0,-5000000.0,7000000.0,77000000.0,-90000000.0,1000000.0,-437000000.0,0.0,465000000.0,0.0,240000000.0,240000000.0,240000000.0,0.0,0.0,0.237,144000000.0,474000000.0,149000000.0,0.376,3.626,35.342,35.393,18260000000.0,0.0,124.23,6.308,6.32,522000000.0,-123000000.0,1013000000.0,1013000000.0,0.0,,,,,0.0,0.0,1.0,180652681.0,181000000,181000000.0,5.597,20588000000.0,0.0,146000000.0,1982000000.0,113.746,-689000000.0
8,AWK,MRQ,2019-06-30,2019-06-30,2019-06-30,2021-08-02,-47000000.0,21854000000.0,,741000000.0,21113000000.0,,33.298,-408000000.0,64000000.0,64000000.0,372000000.0,170000000.0,0.563,2.626,9167000000.0,422000000.0,8745000000.0,9167000000.0,0.0,142000000.0,0.0,0.016,0.5,393000000.0,535000000.0,0.607,535000000.0,393000000.0,299000000.0,0.94,0.94,0.94,6027000000.0,,6027000000.0,29815181960.0,21.0,14.76,-96000000.0,-0.53,1.0,510000000.0,0.578,1653000000.0,94000000.0,27987000000.0,,48000000.0,22000000.0,22000000.0,0.0,15827000000.0,1317000000.0,14510000000.0,20940181960.0,1000000.0,-58000000.0,7000000.0,232000000.0,-91000000.0,155000000.0,-466000000.0,0.0,312000000.0,0.0,170000000.0,170000000.0,170000000.0,0.0,0.0,0.193,136000000.0,374000000.0,140000000.0,0.532,3.474,35.98,36.025,17910000000.0,0.0,116.0,5.947,5.963,516000000.0,-273000000.0,882000000.0,882000000.0,0.0,,,,,0.0,0.0,1.0,180518810.0,181000000,181000000.0,4.873,20201000000.0,0.0,129000000.0,1884000000.0,111.608,-576000000.0
9,AWK,MRQ,2019-03-31,2019-03-31,2019-03-31,2021-08-02,-47000000.0,21464000000.0,,691000000.0,20773000000.0,,32.773,-329000000.0,63000000.0,63000000.0,365000000.0,113000000.0,0.321,2.618,8938000000.0,1269000000.0,7669000000.0,8938000000.0,0.0,144000000.0,0.0,0.017,0.455,314000000.0,458000000.0,0.563,458000000.0,314000000.0,221000000.0,0.62,0.62,0.62,5932000000.0,,5932000000.0,27326171929.0,19.0,13.69,-161000000.0,-0.89,1.0,448000000.0,0.551,1655000000.0,93000000.0,26528000000.0,,44000000.0,22000000.0,22000000.0,0.0,15532000000.0,2156000000.0,13376000000.0,18845171929.0,-73000000.0,-22000000.0,-37000000.0,227000000.0,-82000000.0,110000000.0,-351000000.0,0.0,168000000.0,0.0,113000000.0,113000000.0,113000000.0,0.0,0.0,0.139,141000000.0,307000000.0,130000000.0,0.734,3.177,32.831,32.786,17739000000.0,0.0,104.26,5.397,5.404,477000000.0,-353000000.0,813000000.0,813000000.0,0.0,,,,,0.0,0.0,1.0,180751697.0,181000000,181000000.0,4.492,19809000000.0,0.0,108000000.0,1833000000.0,109.442,-1465000000.0
10,AWK,MRQ,2018-12-31,2018-12-31,2018-12-31,2021-08-02,-34000000.0,21223000000.0,,781000000.0,20442000000.0,,32.044,-474000000.0,130000000.0,130000000.0,394000000.0,112000000.0,0.373,2.619,8611000000.0,1035000000.0,7576000000.0,8611000000.0,0.0,141000000.0,0.0,0.02,0.455,328000000.0,469000000.0,0.552,469000000.0,328000000.0,237000000.0,0.62,0.62,0.62,5864000000.0,,5864000000.0,24710952531.0,17.0,12.601,-80000000.0,-0.437,1.0,456000000.0,0.536,1659000000.0,91000000.0,25951000000.0,,41000000.0,28000000.0,28000000.0,0.0,15359000000.0,2094000000.0,13265000000.0,16392952531.0,43000000.0,-17000000.0,8000000.0,208000000.0,-82000000.0,140000000.0,-491000000.0,0.0,394000000.0,0.0,112000000.0,112000000.0,112000000.0,0.0,0.0,0.132,141000000.0,315000000.0,175000000.0,0.734,2.796,28.912,28.725,17409000000.0,0.0,90.77,4.765,4.75,487000000.0,-464000000.0,850000000.0,850000000.0,0.0,,,,,0.0,0.0,1.0,180598794.0,183000000,180000000.0,4.645,19564000000.0,0.0,125000000.0,1785000000.0,106.907,-1313000000.0
11,AWK,MRQ,2018-09-30,2018-09-30,2018-09-30,2021-08-02,-60000000.0,20880000000.0,,800000000.0,20080000000.0,,32.376,-392000000.0,86000000.0,86000000.0,390000000.0,185000000.0,0.458,2.563,8404000000.0,827000000.0,7577000000.0,8404000000.0,0.0,141000000.0,0.0,0.02,0.455,417000000.0,558000000.0,0.572,558000000.0,417000000.0,328000000.0,1.04,1.04,1.04,5860000000.0,,5860000000.0,24174898658.0,17.0,12.353,75000000.0,0.414,1.0,586000000.0,0.6,1662000000.0,89000000.0,25788000000.0,,42000000.0,29000000.0,29000000.0,0.0,15020000000.0,1748000000.0,13272000000.0,15877898658.0,19000000.0,-4000000.0,2000000.0,20000000.0,-82000000.0,-52000000.0,-396000000.0,0.0,467000000.0,0.0,187000000.0,187000000.0,187000000.0,0.0,-2000000.0,0.192,180000000.0,406000000.0,141000000.0,0.438,2.71,34.973,34.634,17063000000.0,0.0,87.97,4.655,4.668,550000000.0,-432000000.0,976000000.0,976000000.0,0.0,,,,,0.0,0.0,1.0,180492198.0,181000000,181000000.0,5.392,19218000000.0,0.0,141000000.0,1758000000.0,106.177,-948000000.0
12,AWK,MRQ,2018-06-30,2018-06-30,2018-06-30,2021-08-02,-69000000.0,20471000000.0,,833000000.0,19638000000.0,,32.045,-394000000.0,68000000.0,68000000.0,348000000.0,162000000.0,0.282,2.569,8365000000.0,2013000000.0,6352000000.0,8365000000.0,0.0,134000000.0,0.0,0.02,0.455,377000000.0,511000000.0,0.599,511000000.0,377000000.0,291000000.0,0.9,0.91,0.9,5736000000.0,,5736000000.0,23153728165.0,15.0,11.479,-88000000.0,-0.492,1.0,505000000.0,0.592,1722000000.0,86000000.0,24095000000.0,,42000000.0,27000000.0,27000000.0,0.0,14735000000.0,2951000000.0,11784000000.0,15201728165.0,15000000.0,-369000000.0,190000000.0,360000000.0,-81000000.0,472000000.0,-763000000.0,0.0,306000000.0,0.0,162000000.0,162000000.0,162000000.0,0.0,0.0,0.19,134000000.0,371000000.0,139000000.0,0.506,2.65,32.344,32.341,16777000000.0,0.0,85.38,4.51,4.534,536000000.0,-537000000.0,853000000.0,853000000.0,0.0,,,,,0.0,0.0,1.0,178047882.0,179000000,179000000.0,4.765,18749000000.0,0.0,129000000.0,1687000000.0,104.743,-2118000000.0
13,AWK,MRQ,2018-03-31,2018-03-31,2018-03-31,2021-08-02,-75000000.0,19728000000.0,,729000000.0,18999000000.0,,30.624,-378000000.0,55000000.0,55000000.0,347000000.0,106000000.0,0.287,2.619,8007000000.0,1604000000.0,6403000000.0,8007000000.0,0.0,129000000.0,0.0,0.02,0.415,294000000.0,423000000.0,0.556,423000000.0,294000000.0,210000000.0,0.6,0.59,0.6,5451000000.0,,5451000000.0,22334469436.0,15.0,11.134,-159000000.0,-0.893,1.0,414000000.0,0.544,1379000000.0,84000000.0,23762000000.0,,42000000.0,26000000.0,26000000.0,0.0,14277000000.0,2539000000.0,11738000000.0,14664469436.0,-1000000.0,-8000000.0,-46000000.0,282000000.0,-74000000.0,166000000.0,-386000000.0,0.0,219000000.0,0.0,106000000.0,106000000.0,106000000.0,0.0,0.0,0.139,127000000.0,287000000.0,133000000.0,0.692,2.69,33.404,33.117,16477000000.0,0.0,82.13,4.362,4.348,461000000.0,-617000000.0,761000000.0,761000000.0,0.0,,,,,0.0,0.0,1.0,178551923.0,178000000,179000000.0,4.275,18349000000.0,0.0,104000000.0,1671000000.0,103.084,-1810000000.0
14,AWK,MRQ,2017-12-31,2017-12-31,2017-12-31,2021-08-02,-79000000.0,19482000000.0,,720000000.0,18762000000.0,,30.253,-489000000.0,55000000.0,55000000.0,366000000.0,-1000000.0,0.31,2.618,7725000000.0,1227000000.0,6498000000.0,7725000000.0,0.0,114000000.0,0.0,0.018,0.415,351000000.0,465000000.0,0.566,465000000.0,351000000.0,268000000.0,0.0,-0.01,0.0,5385000000.0,,5385000000.0,23697565346.0,16.0,11.819,-60000000.0,-0.337,1.0,455000000.0,0.554,1388000000.0,83000000.0,23439000000.0,,41000000.0,27000000.0,27000000.0,0.0,14097000000.0,2325000000.0,11772000000.0,16319565346.0,-39000000.0,-167000000.0,-6000000.0,252000000.0,-74000000.0,188000000.0,-656000000.0,0.0,429000000.0,0.0,-1000000.0,-1000000.0,-1000000.0,0.0,0.0,-0.001,107000000.0,348000000.0,195000000.0,,3.031,38.309,38.28,16246000000.0,0.0,91.49,4.861,4.851,484000000.0,-723000000.0,821000000.0,821000000.0,0.0,,,,,0.0,0.0,1.0,178375400.0,178000000,179000000.0,4.612,18094000000.0,0.0,269000000.0,1606000000.0,101.652,-1605000000.0
15,AWK,MRQ,2017-09-30,2017-09-30,2017-09-30,2021-08-02,-87000000.0,19361000000.0,,860000000.0,18501000000.0,,31.0,-380000000.0,93000000.0,93000000.0,322000000.0,203000000.0,0.492,2.509,7471000000.0,790000000.0,6681000000.0,7471000000.0,0.0,128000000.0,0.0,0.02,0.415,490000000.0,618000000.0,0.66,618000000.0,490000000.0,401000000.0,1.14,1.13,1.14,5518000000.0,,5518000000.0,21822823239.0,15.0,11.066,116000000.0,0.652,1.0,614000000.0,0.656,1373000000.0,89000000.0,23619000000.0,,42000000.0,28000000.0,28000000.0,0.0,13843000000.0,1747000000.0,12096000000.0,14424823239.0,29000000.0,-1000000.0,5000000.0,-27000000.0,-74000000.0,-86000000.0,-381000000.0,0.0,496000000.0,0.0,203000000.0,203000000.0,203000000.0,0.0,0.0,0.217,121000000.0,493000000.0,144000000.0,0.364,2.614,27.32,27.242,15681000000.0,0.0,80.91,4.321,4.315,546000000.0,-573000000.0,936000000.0,936000000.0,0.0,,,,,0.0,0.0,1.0,178282329.0,178000000,179000000.0,5.258,17988000000.0,0.0,198000000.0,2946000000.0,101.056,-887000000.0
16,AWK,MRQ,2017-06-30,2017-06-30,2017-06-30,2021-08-02,-85000000.0,18966000000.0,,808000000.0,18158000000.0,,30.247,-343000000.0,64000000.0,64000000.0,347000000.0,131000000.0,0.304,2.523,7462000000.0,1803000000.0,5659000000.0,7462000000.0,0.0,126000000.0,0.0,0.02,0.415,374000000.0,500000000.0,0.592,500000000.0,374000000.0,289000000.0,0.74,0.73,0.74,5384000000.0,,5384000000.0,21118998272.0,15.0,11.342,-96000000.0,-0.539,1.0,497000000.0,0.589,1373000000.0,85000000.0,22330000000.0,,41000000.0,28000000.0,28000000.0,0.0,13582000000.0,2661000000.0,10921000000.0,13889998272.0,-12000000.0,-7000000.0,6000000.0,155000000.0,-74000000.0,91000000.0,-350000000.0,0.0,247000000.0,0.0,131000000.0,131000000.0,131000000.0,0.0,0.0,0.155,124000000.0,373000000.0,134000000.0,0.561,2.58,29.366,29.305,15391000000.0,0.0,77.95,4.169,4.164,524000000.0,-702000000.0,844000000.0,844000000.0,0.0,,,,,0.0,0.0,1.0,178191126.0,178000000,179000000.0,4.742,17593000000.0,0.0,158000000.0,2793000000.0,98.837,-1853000000.0
17,AWK,MRQ,2017-03-31,2017-03-31,2017-03-31,2021-08-02,-82000000.0,18610000000.0,,767000000.0,17843000000.0,,29.702,-283000000.0,78000000.0,78000000.0,334000000.0,93000000.0,0.317,2.52,7307000000.0,1554000000.0,5753000000.0,7307000000.0,0.0,124000000.0,0.0,0.019,0.375,298000000.0,422000000.0,0.558,422000000.0,298000000.0,213000000.0,0.52,0.52,0.52,5287000000.0,,5287000000.0,20966760952.0,15.0,11.352,-6000000.0,-0.034,1.0,422000000.0,0.558,1345000000.0,85000000.0,22076000000.0,,41000000.0,23000000.0,23000000.0,0.0,13323000000.0,2418000000.0,10905000000.0,13859760952.0,6000000.0,-2000000.0,-44000000.0,127000000.0,-67000000.0,14000000.0,-285000000.0,0.0,277000000.0,0.0,93000000.0,93000000.0,93000000.0,0.0,0.0,0.123,124000000.0,298000000.0,108000000.0,0.721,2.621,28.935,28.911,15128000000.0,0.0,77.77,4.181,4.176,477000000.0,-759000000.0,756000000.0,756000000.0,0.0,,,,,0.0,0.0,1.0,178214748.0,178000000,179000000.0,4.247,17265000000.0,0.0,120000000.0,2719000000.0,96.994,-1651000000.0
18,AWK,MRQ,2016-12-31,2016-12-31,2016-12-31,2021-08-02,-86000000.0,18482000000.0,,784000000.0,17698000000.0,,29.315,-396000000.0,75000000.0,75000000.0,368000000.0,101000000.0,0.328,2.542,7182000000.0,1423000000.0,5759000000.0,7182000000.0,0.0,120000000.0,0.0,0.02,0.375,312000000.0,432000000.0,0.539,432000000.0,312000000.0,229000000.0,0.57,0.57,0.57,5218000000.0,,5218000000.0,19691323636.0,15.0,10.802,-52000000.0,-0.292,1.0,434000000.0,0.541,1345000000.0,83000000.0,21852000000.0,,39000000.0,20000000.0,20000000.0,0.0,13264000000.0,2392000000.0,10872000000.0,12880323636.0,26000000.0,-175000000.0,-9000000.0,322000000.0,-67000000.0,258000000.0,-576000000.0,-5000000.0,344000000.0,0.0,101000000.0,101000000.0,101000000.0,0.0,0.0,0.126,118000000.0,316000000.0,154000000.0,0.658,2.468,27.522,27.513,14992000000.0,0.0,72.36,3.901,3.901,532000000.0,-873000000.0,802000000.0,802000000.0,0.0,,,,,0.0,0.0,1.0,178003367.0,178000000,179000000.0,4.506,17137000000.0,0.0,128000000.0,2650000000.0,96.275,-1608000000.0
19,AWK,MRQ,2016-09-30,2016-09-30,2016-09-30,2021-08-02,-99000000.0,17971000000.0,,801000000.0,17170000000.0,,29.427,-349000000.0,46000000.0,46000000.0,432000000.0,148000000.0,0.415,2.431,6857000000.0,1004000000.0,5853000000.0,6857000000.0,0.0,119000000.0,0.0,0.019,0.375,389000000.0,508000000.0,0.546,508000000.0,389000000.0,308000000.0,0.83,0.83,0.83,5238000000.0,,5238000000.0,20127216215.0,15.0,11.176,60000000.0,0.337,1.0,498000000.0,0.535,1313000000.0,81000000.0,21541000000.0,,40000000.0,23000000.0,23000000.0,0.0,12733000000.0,1928000000.0,10805000000.0,13314216215.0,-6000000.0,-5000000.0,4000000.0,-6000000.0,-67000000.0,-66000000.0,-349000000.0,3000000.0,409000000.0,0.0,148000000.0,148000000.0,148000000.0,0.0,0.0,0.159,114000000.0,384000000.0,135000000.0,0.452,2.542,28.571,28.565,14559000000.0,0.0,74.84,4.056,4.058,587000000.0,-839000000.0,930000000.0,930000000.0,0.0,,,,,0.0,0.0,1.0,177902408.0,178000000,178000000.0,5.225,16658000000.0,0.0,160000000.0,2592000000.0,93.584,-1127000000.0
20,AWK,MRQ,2016-06-30,2016-06-30,2016-06-30,2021-08-02,-96000000.0,17706000000.0,,691000000.0,17015000000.0,,28.949,-340000000.0,52000000.0,52000000.0,351000000.0,137000000.0,0.397,2.436,6865000000.0,1004000000.0,5861000000.0,6865000000.0,0.0,115000000.0,0.0,0.017,0.375,370000000.0,485000000.0,0.586,485000000.0,370000000.0,289000000.0,0.77,0.77,0.77,5153000000.0,,5153000000.0,21706651972.0,16.0,11.875,-64000000.0,-0.36,1.0,476000000.0,0.576,1313000000.0,81000000.0,21466000000.0,,42000000.0,23000000.0,23000000.0,0.0,12553000000.0,1740000000.0,10813000000.0,15018651972.0,-14000000.0,-2000000.0,5000000.0,110000000.0,-66000000.0,52000000.0,-342000000.0,1000000.0,276000000.0,0.0,137000000.0,137000000.0,137000000.0,0.0,0.0,0.166,113000000.0,363000000.0,148000000.0,0.487,2.915,30.526,30.62,14317000000.0,0.0,84.51,4.623,4.63,526000000.0,-921000000.0,827000000.0,827000000.0,0.0,,,,,0.0,0.0,1.0,177714495.0,178000000,178000000.0,4.646,16393000000.0,0.0,152000000.0,2492000000.0,92.096,-1049000000.0
21,AWK,MRQ,2016-03-31,2016-03-31,2016-03-31,2021-08-02,-87000000.0,17417000000.0,,638000000.0,16779000000.0,,28.551,-301000000.0,66000000.0,66000000.0,348000000.0,82000000.0,0.395,2.427,6754000000.0,893000000.0,5861000000.0,6754000000.0,0.0,116000000.0,0.0,0.02,0.34,282000000.0,398000000.0,0.536,398000000.0,282000000.0,202000000.0,0.46,0.46,0.46,5082000000.0,,5082000000.0,18769144171.0,14.0,10.474,-41000000.0,-0.23,1.0,395000000.0,0.532,1313000000.0,80000000.0,21178000000.0,,41000000.0,22000000.0,22000000.0,0.0,12335000000.0,1614000000.0,10721000000.0,12270144171.0,21000000.0,-22000000.0,-52000000.0,199000000.0,-61000000.0,84000000.0,-323000000.0,1000000.0,260000000.0,0.0,82000000.0,82000000.0,82000000.0,0.0,0.0,0.11,115000000.0,280000000.0,116000000.0,0.739,2.414,25.67,25.72,14098000000.0,0.0,68.93,3.83,3.829,467000000.0,-991000000.0,743000000.0,743000000.0,0.0,,,,,0.0,0.0,1.0,178008765.0,178000000,179000000.0,4.174,16104000000.0,0.0,120000000.0,2439000000.0,90.472,-976000000.0
22,AWK,MRQ,2015-12-31,2015-12-31,2015-12-31,2021-08-02,-88000000.0,17241000000.0,,657000000.0,16584000000.0,,28.207,-402000000.0,45000000.0,45000000.0,380000000.0,99000000.0,0.429,2.415,6556000000.0,682000000.0,5874000000.0,6556000000.0,0.0,113000000.0,0.0,0.022,0.34,297000000.0,410000000.0,0.524,410000000.0,297000000.0,217000000.0,0.56,0.55,0.56,5049000000.0,,5049000000.0,16990657817.0,13.0,9.583,-63000000.0,-0.352,1.0,403000000.0,0.515,1302000000.0,80000000.0,20917000000.0,,38000000.0,21000000.0,21000000.0,0.0,12192000000.0,1533000000.0,10659000000.0,10723299817.0,-26000000.0,-21000000.0,-80000000.0,207000000.0,-61000000.0,49000000.0,-414000000.0,0.0,339000000.0,0.0,99000000.0,99000000.0,99000000.0,0.0,0.0,0.126,112000000.0,291000000.0,126000000.0,0.607,2.124,22.528,22.462,13933000000.0,0.0,59.75,3.395,3.386,522000000.0,-1073000000.0,783000000.0,783000000.0,0.0,,,,,0.0,0.0,1.0,179469453.0,179000000,180000000.0,4.374,15939000000.0,0.0,118000000.0,2360000000.0,89.045,-876000000.0
23,AWK,MRQ,2015-09-30,2015-09-30,2015-09-30,2021-08-02,-79175000.0,17105173000.0,,879009000.0,16226164000.0,,28.857,-340000000.0,75224000.0,75224000.0,364000000.0,174000000.0,0.754,2.311,6342582000.0,401967000.0,5940615000.0,6342582000.0,0.0,111000000.0,0.0,0.024,0.34,424000000.0,535000000.0,0.597,535000000.0,424000000.0,347000000.0,0.97,0.96,0.97,5165452000.0,,5165452000.0,16099966456.0,12.0,9.197,98000000.0,0.547,1.0,532000000.0,0.594,1312888000.0,77000000.0,20894256000.0,,37965000.0,32174000.0,23480000.0,8694000.0,11939721000.0,1165387000.0,10774334000.0,9928535456.0,-70000000.0,-135000000.0,-7000000.0,28000000.0,-61000000.0,-30000000.0,-478000000.0,0.0,438000000.0,0.0,174000000.0,174000000.0,174000000.0,0.0,0.0,0.194,111000000.0,421000000.0,281291000.0,0.351,1.922,21.107,20.943,13605510000.0,0.0,55.08,3.195,3.173,594670000.0,-1049665000.0,896000000.0,896000000.0,0.0,,,,,0.0,0.0,1.0,180256635.0,179000000,180000000.0,5.006,15792285000.0,115889000.0,173000000.0,2446193000.0,88.225,-286378000.0
24,AWK,MRQ,2015-06-30,2015-06-30,2015-06-30,2021-08-02,-80053000.0,16732332000.0,,890085000.0,15842247000.0,,28.074,-285000000.0,144752000.0,144752000.0,336000000.0,123000000.0,0.589,2.311,6316183000.0,882944000.0,5433239000.0,6316183000.0,0.0,109000000.0,0.0,0.026,0.34,340000000.0,449000000.0,0.574,449000000.0,340000000.0,264000000.0,0.69,0.68,0.69,5053390000.0,,5053390000.0,14761850391.0,11.0,8.591,-65000000.0,-0.361,1.0,446000000.0,0.57,1209841000.0,76000000.0,20181734000.0,,38332000.0,29561000.0,20838000.0,8723000.0,11678942000.0,1512188000.0,10166754000.0,8751563391.0,121000000.0,-41000000.0,-6000000.0,280000000.0,-61000000.0,222000000.0,-321000000.0,4000000.0,220000000.0,0.0,123000000.0,123000000.0,123000000.0,0.0,0.0,0.157,108000000.0,338000000.0,283570000.0,0.493,1.732,19.51,19.375,13357981000.0,0.0,48.63,2.863,2.863,511024000.0,-1162346000.0,782000000.0,782000000.0,0.0,,,,,0.0,0.0,1.0,179962233.0,180000000,180000000.0,4.344,15522491000.0,133634000.0,141000000.0,2349549000.0,86.236,-622103000.0
25,AWK,MRQ,2015-03-31,2015-03-31,2015-03-31,2021-08-02,-81503000.0,16263531000.0,,729019000.0,15534512000.0,,27.894,-240000000.0,24294000.0,24294000.0,324000000.0,80000000.0,0.594,2.257,6034581000.0,605680000.0,5428901000.0,6034581000.0,0.0,107000000.0,0.0,0.023,0.31,272000000.0,379000000.0,0.543,379000000.0,272000000.0,197000000.0,0.45,0.44,0.45,4992938000.0,,4992938000.0,15667050554.0,12.0,9.285,-42000000.0,-0.235,1.0,374000000.0,0.536,1208043000.0,75000000.0,19838227000.0,,38622000.0,29823000.0,21027000.0,8796000.0,11270593000.0,1227548000.0,10043045000.0,9746295554.0,1000000.0,0.0,6000000.0,91000000.0,-56000000.0,49000000.0,-246000000.0,1000000.0,198000000.0,0.0,80000000.0,80000000.0,80000000.0,0.0,0.0,0.115,106000000.0,268000000.0,203409000.0,0.689,1.952,22.412,22.309,13098567000.0,0.0,54.21,3.217,3.203,453830000.0,-1224008000.0,698000000.0,698000000.0,0.0,,,,,0.0,0.0,1.0,179787780.0,179000000,180000000.0,3.899,15055488000.0,127853000.0,117000000.0,2280071000.0,84.109,-498529000.0
26,AWK,MRQ,2014-12-31,2014-12-31,2014-12-31,2021-08-02,-82000000.0,16038000000.0,,575000000.0,15463000000.0,,27.366,-317974000.0,23000000.0,23000000.0,345623000.0,93393000.0,0.463,2.263,5938000000.0,511000000.0,5427000000.0,5938000000.0,0.0,104950000.0,0.0,0.023,0.31,282671000.0,387621000.0,0.53,387621000.0,282671000.0,206344000.0,0.52,0.52,0.52,4915000000.0,,4915000000.0,15393252098.0,12.0,9.262,-61236000.0,-0.341,1.0,385427000.0,0.527,1208000000.0,76327000.0,19504000000.0,,37000000.0,14000000.0,14000000.0,0.0,11123000000.0,1241000000.0,9882000000.0,9557172098.0,-51164000.0,-2947000.0,5554000.0,34363000.0,-55152000.0,-15243000.0,-292659000.0,28262000.0,256738000.0,0.0,93393000.0,93393000.0,93393000.0,712000.0,0.0,0.128,104218000.0,281209000.0,100000000.0,0.596,1.944,22.594,22.585,13029000000.0,0.0,53.3,3.174,3.169,453000000.0,-1296000000.0,731050000.0,731050000.0,0.0,,,,,0.0,0.0,1.0,179309045.0,179600000,180831000.0,4.07,14830000000.0,0.0,112951000.0,2084000000.0,82.572,-666000000.0
27,AWK,MRQ,2014-09-30,2014-09-30,2014-09-30,2021-08-02,-35942000.0,15715647000.0,,756961000.0,14958686000.0,,27.485,-283544000.0,74128000.0,74128000.0,341348000.0,152185000.0,0.715,2.194,5910208000.0,369560000.0,5540648000.0,5910208000.0,0.0,107110000.0,0.0,0.024,0.31,395642000.0,502752000.0,0.594,502752000.0,395642000.0,320197000.0,0.85,0.85,0.85,4919652000.0,,4919652000.0,14543231170.0,12.0,9.025,106103000.0,0.593,1.0,504821000.0,0.597,1208065000.0,75445000.0,19284727000.0,,37203000.0,37283000.0,20040000.0,17243000.0,10795995000.0,1058935000.0,9737060000.0,8640352170.0,41995000.0,-3184000.0,3277000.0,-25929000.0,-55458000.0,-64485000.0,-283167000.0,738000.0,389647000.0,0.0,152185000.0,152185000.0,152185000.0,4423000.0,0.0,0.18,106729000.0,398092000.0,260713000.0,0.365,1.756,22.21,22.124,12799358000.0,0.0,48.23,2.893,2.891,476731000.0,-1333164000.0,846169000.0,846169000.0,0.0,,,,,0.0,0.0,1.0,179148915.0,178992000,179948000.0,4.727,14507582000.0,113859000.0,168012000.0,2190806000.0,81.052,-301974000.0
28,AWK,MRQ,2014-06-30,2014-06-30,2014-06-30,2021-08-02,-34671000.0,15426447000.0,,707635000.0,14718812000.0,,27.245,-229799000.0,32133000.0,32133000.0,337849000.0,109299000.0,0.573,2.166,5935012000.0,717468000.0,5217544000.0,5935012000.0,0.0,105862000.0,0.0,0.023,0.31,312098000.0,417960000.0,0.554,417960000.0,312098000.0,238430000.0,0.61,0.61,0.61,4873126000.0,,4873126000.0,14683516160.0,12.0,9.205,-24058000.0,-0.135,1.0,416929000.0,0.552,1208065000.0,73668000.0,18886350000.0,,36845000.0,41184000.0,21537000.0,19647000.0,10553321000.0,1234911000.0,9318410000.0,8852475160.0,1378000.0,-590000.0,3970000.0,61838000.0,-55422000.0,28611000.0,-232974000.0,238000.0,205741000.0,0.0,109299000.0,109299000.0,109299000.0,875000.0,0.0,0.145,105340000.0,311589000.0,192441000.0,0.508,1.817,22.844,22.683,12582511000.0,0.0,49.45,2.988,2.986,464493000.0,-1374174000.0,754778000.0,754778000.0,0.0,,,,,-2711000.0,0.0,1.0,179018709.0,178863000,179693000.0,4.22,14218382000.0,125434000.0,129131000.0,2090773000.0,79.493,-527276000.0
29,AWK,MRQ,2014-03-31,2014-03-31,2014-03-31,2021-08-02,-35151000.0,15274821000.0,,687994000.0,14586827000.0,,26.891,-202683000.0,30755000.0,30755000.0,325180000.0,68123000.0,0.574,2.182,5861796000.0,653128000.0,5208668000.0,5861796000.0,0.0,106078000.0,0.0,0.025,0.28,247589000.0,353667000.0,0.521,353667000.0,247589000.0,174029000.0,0.38,0.38,0.38,4801087000.0,,4801087000.0,13944406900.0,12.0,8.815,42191000.0,0.236,1.0,353823000.0,0.521,1208065000.0,73560000.0,18700098000.0,,35242000.0,29497000.0,28585000.0,912000.0,10473734000.0,1197699000.0,9276035000.0,8114008900.0,3791000.0,-2279000.0,8199000.0,5728000.0,-49968000.0,-35883000.0,-205200000.0,-238000.0,244874000.0,0.0,68123000.0,68123000.0,68123000.0,990000.0,0.0,0.1,105714000.0,248109000.0,183839000.0,0.737,1.69,21.382,21.215,12469981000.0,0.0,45.4,2.768,2.765,416875000.0,-1427809000.0,679003000.0,679003000.0,0.0,,,,,2711000.0,0.0,1.0,178722663.0,178539000,179457000.0,3.803,14066756000.0,144933000.0,105906000.0,2077861000.0,78.788,-509705000.0
30,AWK,MRQ,2013-12-31,2013-12-31,2013-12-31,2021-08-02,-34635000.0,15088142000.0,,571807000.0,14516335000.0,,26.414,-331135000.0,26964000.0,26964000.0,326147000.0,59429000.0,0.463,2.191,5857362000.0,644481000.0,5212881000.0,5857362000.0,0.0,103998000.0,0.0,0.02,0.28,233055000.0,337053000.0,0.477,337053000.0,233055000.0,158315000.0,0.34,0.33,0.34,4727804000.0,,4727804000.0,13178586565.0,11.0,8.475,-123811000.0,-0.692,1.0,380159000.0,0.538,1207764000.0,74740000.0,18475243000.0,,32973000.0,29259000.0,28505000.0,754000.0,10360338000.0,1235533000.0,9124805000.0,7533867565.0,-5021000.0,-7446000.0,6212000.0,156088000.0,-49446000.0,121288000.0,-333633000.0,4661000.0,207324000.0,0.0,59429000.0,59429000.0,59429000.0,1848000.0,0.0,0.084,104469000.0,275690000.0,264115000.0,0.824,1.594,20.417,20.317,12388354000.0,0.0,42.26,2.617,2.613,423828000.0,-1495698000.0,706306000.0,706306000.0,0.0,,,,,-8916000.0,0.0,1.0,178274197.0,178987000,179282000.0,3.946,13880378000.0,23500000.0,98886000.0,1899271000.0,77.55,-663726000.0
31,AWK,MRQ,2013-09-30,2013-09-30,2013-09-30,2021-08-02,-109901000.0,15228446000.0,,613220000.0,14615226000.0,,26.033,-254189000.0,32454000.0,32454000.0,337674000.0,150665000.0,0.537,2.287,5677173000.0,503096000.0,5174077000.0,5677173000.0,0.0,101987000.0,0.0,0.026,0.28,384515000.0,486502000.0,0.592,486502000.0,384515000.0,307126000.0,0.85,0.84,0.85,4632932000.0,,4632932000.0,13087001410.0,11.0,8.474,144290000.0,0.811,1.0,484516000.0,0.589,1207741000.0,77389000.0,18523951000.0,,35053000.0,26183000.0,25429000.0,754000.0,10595514000.0,1141473000.0,9454041000.0,7346359410.0,12088000.0,-11952000.0,5008000.0,-84234000.0,-49810000.0,-126411000.0,-259980000.0,6448000.0,398479000.0,0.0,150665000.0,150665000.0,150665000.0,-756000.0,0.0,0.183,103263000.0,381253000.0,209768000.0,0.329,1.586,20.124,20.137,12112567000.0,0.0,41.28,2.586,2.586,466412000.0,-1505191000.0,822190000.0,822190000.0,0.0,,,,,2454000.0,0.0,1.0,177964133.0,177965000,179154000.0,4.62,14020705000.0,15107000.0,156461000.0,1817381000.0,78.783,-528253000.0
32,AWK,MRQ,2013-06-30,2013-06-30,2013-06-30,2021-08-02,-112468000.0,14977377000.0,,545840000.0,14431537000.0,,25.727,-236149000.0,20366000.0,20366000.0,323320000.0,101263000.0,0.52,2.276,5761008000.0,580326000.0,5180682000.0,5761008000.0,0.0,101366000.0,0.0,0.025,0.28,303282000.0,404648000.0,0.559,404648000.0,303282000.0,225525000.0,0.57,0.57,0.57,4572126000.0,,4572126000.0,12940067161.0,11.0,8.412,-95577000.0,-0.538,1.0,400945000.0,0.554,1207336000.0,77757000.0,18461377000.0,,33819000.0,32631000.0,19720000.0,12911000.0,10405251000.0,1049306000.0,9355945000.0,7326595161.0,-815000.0,-1766000.0,6639000.0,129359000.0,-49744000.0,90290000.0,-231677000.0,6238000.0,140572000.0,0.0,101263000.0,101263000.0,101263000.0,0.0,0.0,0.14,101252000.0,299693000.0,178418000.0,0.491,1.602,19.899,19.918,11927870000.0,0.0,41.23,2.571,2.571,431028000.0,-1555993000.0,724265000.0,724265000.0,0.0,,,,,4420000.0,0.0,1.0,177700586.0,177716000,178910000.0,4.075,13770041000.0,9822000.0,124262000.0,1704285000.0,77.483,-503466000.0
33,AWK,MRQ,2013-03-31,2013-03-31,2013-03-31,2021-08-02,-114286000.0,14769216000.0,,491850000.0,14277366000.0,,25.422,-223527000.0,21181000.0,21181000.0,312203000.0,57643000.0,0.513,2.276,5634653000.0,449710000.0,5184943000.0,5634653000.0,0.0,99649000.0,0.0,0.024,0.0,227071000.0,326720000.0,0.514,326720000.0,227071000.0,148957000.0,0.32,0.32,0.32,4507942000.0,,4507942000.0,12903838880.0,11.0,8.333,-73902000.0,-0.417,1.0,323934000.0,0.509,1207161000.0,78114000.0,18217195000.0,,31150000.0,38869000.0,31623000.0,7246000.0,10259554000.0,958332000.0,9301222000.0,7351858880.0,-3252000.0,-2836000.0,8141000.0,62787000.0,0.0,74833000.0,-227710000.0,-1347000.0,149625000.0,0.0,57643000.0,57643000.0,57643000.0,0.0,0.0,0.091,99555000.0,224379000.0,166723000.0,0.0,1.631,19.66,19.64,11792935000.0,0.0,41.44,2.56,2.559,353593000.0,-1607321000.0,636137000.0,636137000.0,0.0,,,,,2042000.0,0.0,1.0,177409722.0,177327000,178465000.0,3.587,13562055000.0,13137000.0,91314000.0,1597093000.0,76.48,-466482000.0
34,AWK,MRQ,2012-12-31,2012-12-31,2012-12-31,2021-08-02,-116191000.0,14718976000.0,,499447000.0,14219529000.0,,25.116,-266712000.0,24433000.0,24433000.0,336793000.0,55478000.0,0.502,2.312,5576413000.0,385904000.0,5190509000.0,5576413000.0,0.0,100851000.0,0.0,0.033,0.5,225645000.0,326496000.0,0.496,326496000.0,225645000.0,150851000.0,0.31,0.31,0.31,4443268000.0,,4443268000.0,12061817613.0,11.0,7.894,-46128000.0,-0.261,1.0,321157000.0,0.488,1207250000.0,74794000.0,18068874000.0,,29772000.0,40547000.0,29756000.0,10791000.0,10273988000.0,994832000.0,9279156000.0,6562979613.0,5902000.0,-227000.0,5798000.0,54788000.0,-88436000.0,-17682000.0,-197000000.0,69939000.0,220584000.0,0.0,55478000.0,55478000.0,55478000.0,-1902000.0,0.0,0.084,99569000.0,221588000.0,279613000.0,1.613,1.477,18.329,18.291,11739364000.0,0.0,37.13,2.3,2.296,375409000.0,-1664955000.0,657950000.0,657950000.0,0.0,,,,,2921000.0,0.0,1.0,176756790.0,176910000,178226000.0,3.719,13511726000.0,9594000.0,95373000.0,1608977000.0,76.376,-495385000.0
35,AWK,MRQ,2012-09-30,2012-09-30,2012-09-30,2021-08-02,-91507000.0,14599535000.0,,642525000.0,13957010000.0,,25.182,-218029000.0,18531000.0,18531000.0,355126000.0,153812000.0,0.639,2.282,5517369000.0,332823000.0,5184546000.0,5517369000.0,0.0,96219000.0,0.0,0.025,0.25,384202000.0,480421000.0,0.578,480421000.0,384202000.0,307586000.0,0.87,0.86,0.87,4447620000.0,,4447620000.0,12210971652.0,11.0,8.005,200114000.0,1.133,1.0,476689000.0,0.573,1207572000.0,76616000.0,17884927000.0,,31925000.0,108842000.0,87705000.0,21137000.0,10150195000.0,1005874000.0,9144321000.0,6538496652.0,5612000.0,-40000.0,9468000.0,-167234000.0,-44080000.0,-197506000.0,-215025000.0,3044000.0,418143000.0,0.0,153812000.0,153812000.0,153812000.0,299000.0,0.0,0.185,96188000.0,380501000.0,202283000.0,0.287,1.47,17.795,17.732,11534327000.0,0.0,37.06,2.306,2.308,415661000.0,-1675678000.0,831815000.0,831815000.0,0.0,,,,,3286000.0,0.0,1.0,176430023.0,176621000,177841000.0,4.71,13391963000.0,7815000.0,153774000.0,1606699000.0,75.823,-363349000.0
36,AWK,MRQ,2012-06-30,2012-06-30,2012-06-30,2021-08-02,-93890000.0,14412761000.0,,606374000.0,13806387000.0,,24.507,-256641000.0,12919000.0,12919000.0,327577000.0,107026000.0,0.596,2.334,5685394000.0,482261000.0,5203133000.0,5685394000.0,0.0,92329000.0,0.0,0.027,0.23,322640000.0,414969000.0,0.557,414969000.0,322640000.0,242910000.0,0.61,0.6,0.61,4321428000.0,,4321428000.0,11559045450.0,10.0,7.809,-87869000.0,-0.498,1.0,418030000.0,0.561,1207572000.0,79730000.0,17859700000.0,,31712000.0,111801000.0,98698000.0,13103000.0,10086786000.0,1017964000.0,9068822000.0,6040695450.0,3417000.0,-44189000.0,2960000.0,63031000.0,-40529000.0,34581000.0,-199936000.0,100894000.0,168772000.0,0.0,107026000.0,107026000.0,107026000.0,9637000.0,0.0,0.144,92116000.0,325914000.0,183908000.0,0.377,1.398,17.208,17.14,11387311000.0,0.0,34.28,2.185,2.186,399644000.0,-1785039000.0,745607000.0,745607000.0,0.0,,,,,2995000.0,0.0,1.0,176216320.0,176331000,177491000.0,4.228,13205189000.0,5822000.0,135884000.0,1501991000.0,74.889,-411590000.0
37,AWK,MRQ,2012-03-31,2012-03-31,2012-03-31,2021-08-02,-95549000.0,14087739000.0,,589109000.0,13498630000.0,,24.165,-244293000.0,9502000.0,9502000.0,310004000.0,41754000.0,0.792,2.313,5527852000.0,177338000.0,5350514000.0,5527852000.0,0.0,92104000.0,0.0,0.027,0.23,213922000.0,306026000.0,0.495,306026000.0,213922000.0,134268000.0,0.24,0.24,0.24,4250889000.0,,4250889000.0,11849301730.0,11.0,8.366,-96194000.0,-0.547,1.0,308550000.0,0.499,1195069000.0,79654000.0,17667331000.0,,30355000.0,45314000.0,27418000.0,17896000.0,9832303000.0,743689000.0,9088614000.0,5979653730.0,-4705000.0,-104000.0,9634000.0,-360378000.0,-40414000.0,-382409000.0,229605000.0,474002000.0,148099000.0,0.0,41754000.0,41754000.0,41754000.0,7498000.0,0.0,0.068,91691000.0,216859000.0,162414000.0,0.958,1.407,18.391,18.395,11139499000.0,0.0,34.03,2.225,2.227,318908000.0,-1847750000.0,618554000.0,618554000.0,0.0,,,,,2268000.0,0.0,1.0,175717124.0,175914000,177028000.0,3.516,12892670000.0,2625000.0,92514000.0,1420515000.0,73.29,-154580000.0
38,AWK,MRQ,2011-12-31,2011-12-31,2011-12-31,2021-08-02,-97677000.0,14776391000.0,,1397659000.0,13378732000.0,,24.114,-317137000.0,14207000.0,14207000.0,323477000.0,64848000.0,0.939,2.487,5883855000.0,543908000.0,5339947000.0,5883855000.0,0.0,89278000.0,0.0,0.028,0.23,234781000.0,324059000.0,0.507,324059000.0,234781000.0,155588000.0,0.37,0.36,0.37,4235837000.0,,4235837000.0,11355804661.0,11.0,8.211,-84824000.0,-0.483,1.0,316302000.0,0.494,1195069000.0,79193000.0,17961865000.0,,28598000.0,57941000.0,32438000.0,25503000.0,10536007000.0,1489105000.0,9046902000.0,5591947661.0,-1414000.0,-839000.0,3503000.0,104534000.0,-40392000.0,72669000.0,-306396000.0,11580000.0,232313000.0,0.0,64848000.0,64848000.0,64848000.0,-3930000.0,0.0,0.101,89624000.0,226678000.0,243709000.0,0.622,1.32,18.061,18.102,11021098000.0,0.0,31.86,2.097,2.097,366828000.0,-1848801000.0,639779000.0,639779000.0,0.0,,,,,10008000.0,0.0,1.0,175516248.0,175658000,176858000.0,3.642,13581322000.0,7672000.0,90740000.0,1307869000.0,77.317,-91446000.0
39,AWK,MRQ,2011-09-30,2011-09-30,2011-09-30,2021-08-02,-68555000.0,14538733000.0,,1479461000.0,13059272000.0,,24.259,-245025000.0,15621000.0,15621000.0,340339000.0,137422000.0,1.072,2.413,5779478000.0,417947000.0,5361531000.0,5779478000.0,0.0,88323000.0,0.0,0.029,0.23,346812000.0,435135000.0,0.572,435135000.0,346812000.0,268250000.0,0.78,0.78,0.78,4258643000.0,,4258643000.0,11102467049.0,11.0,8.233,68623000.0,0.391,1.0,420530000.0,0.553,1195510000.0,78562000.0,17727066000.0,,30491000.0,66593000.0,46864000.0,19729000.0,10275543000.0,1380014000.0,8895529000.0,5294950049.0,2155000.0,-1612000.0,1511000.0,-46509000.0,-40358000.0,-80917000.0,-230576000.0,16061000.0,313648000.0,0.0,137422000.0,137422000.0,137422000.0,-8927000.0,0.0,0.181,86688000.0,333842000.0,190556000.0,0.295,1.243,18.584,18.63,10787844000.0,0.0,30.18,2.006,2.007,372045000.0,-1848338000.0,760869000.0,760869000.0,0.0,,,,,0.0,0.0,1.0,175445661.0,175547000,176593000.0,4.334,13343223000.0,134000.0,130828000.0,1313329000.0,76.009,99447000.0
40,AWK,MRQ,2011-06-30,2011-06-30,2011-06-30,2021-08-02,-68696000.0,14347216000.0,,1493214000.0,12854002000.0,,23.696,-230822000.0,13466000.0,13466000.0,327157000.0,81110000.0,1.125,2.449,5820983000.0,458379000.0,5362604000.0,5820983000.0,0.0,87342000.0,0.0,0.03,0.22,263797000.0,351139000.0,0.525,351139000.0,263797000.0,185328000.0,0.46,0.46,0.46,4157920000.0,,4157920000.0,10848687323.0,11.0,8.195,-129952000.0,-0.741,1.0,341716000.0,0.511,1195510000.0,78469000.0,17631577000.0,,31414000.0,82267000.0,65055000.0,17212000.0,10184749000.0,1327646000.0,8857103000.0,5164238323.0,-62000.0,-3324000.0,2158000.0,138252000.0,-38580000.0,108305000.0,-209237000.0,24909000.0,100870000.0,0.0,81110000.0,81110000.0,81110000.0,-6293000.0,0.0,0.121,87370000.0,254346000.0,159024000.0,0.478,1.242,19.013,19.0,10599942000.0,0.0,29.45,1.965,1.967,367694000.0,-1945185000.0,668873000.0,668873000.0,0.0,,,,,0.0,0.0,1.0,175356140.0,175469000,176419000.0,3.812,13151706000.0,3443000.0,104218000.0,1241527000.0,74.952,165568000.0
41,AWK,MRQ,2011-03-31,2011-03-31,2011-03-31,2021-08-02,-69958000.0,14128807000.0,,1305539000.0,12823268000.0,,23.657,-185008000.0,13528000.0,13528000.0,310821000.0,26233000.0,1.15,2.407,5697977000.0,335652000.0,5362325000.0,5697977000.0,0.0,86878000.0,0.0,0.031,0.22,185867000.0,272745000.0,0.457,272745000.0,185867000.0,109676000.0,0.15,0.15,0.15,4146107000.0,,4146107000.0,10586303156.0,11.0,8.13,-23482000.0,-0.134,1.0,285894000.0,0.479,1204227000.0,76191000.0,17474149000.0,,30606000.0,100677000.0,80443000.0,20234000.0,9978153000.0,1134880000.0,8843273000.0,4914685156.0,416000.0,-1445000.0,6694000.0,31798000.0,-38525000.0,5078000.0,-166188000.0,20265000.0,161526000.0,0.0,26233000.0,26233000.0,26233000.0,14466000.0,0.0,0.044,87146000.0,198748000.0,132725000.0,1.467,1.185,18.669,18.576,10555698000.0,0.0,28.05,1.895,1.895,312192000.0,-1950571000.0,596715000.0,596715000.0,0.0,,,,,0.0,0.0,1.0,175211592.0,175259000,176048000.0,3.405,12924580000.0,5680000.0,83443000.0,1232311000.0,73.746,170659000.0
42,AWK,MRQ,2010-12-31,2010-12-31,2010-12-31,2021-08-02,-71446000.0,14086246000.0,,1457775000.0,12628471000.0,,23.59,-258971000.0,13112000.0,13112000.0,330162000.0,40154000.0,1.317,2.411,5659132000.0,264997000.0,5394135000.0,5659132000.0,0.0,83505000.0,0.0,0.034,0.22,205998000.0,289503000.0,0.472,289503000.0,205998000.0,123689000.0,0.23,0.23,0.23,4127725000.0,,4127725000.0,9996414570.0,10.0,7.738,-71065000.0,-0.406,1.0,282990000.0,0.462,1195585000.0,82309000.0,17429917000.0,,27743000.0,120784000.0,94066000.0,26718000.0,9953974000.0,1106764000.0,8847210000.0,4422542570.0,-10389000.0,28000.0,2888000.0,76095000.0,-38476000.0,42496000.0,-240791000.0,18152000.0,187906000.0,0.0,40154000.0,40154000.0,40154000.0,-1643000.0,0.0,0.065,83450000.0,199540000.0,188343000.0,0.957,1.071,16.513,16.529,10381640000.0,0.0,25.29,1.731,1.731,332738000.0,-1959235000.0,613152000.0,613152000.0,0.0,,,,,10334000.0,0.0,1.0,174873174.0,174977000,175739000.0,3.504,12890661000.0,6473000.0,83535000.0,1178158000.0,73.671,351011000.0
43,AWK,MRQ,2010-09-30,2010-09-30,2010-09-30,2021-08-02,-61086000.0,13983675000.0,,627399000.0,13356276000.0,,23.626,-205985000.0,23501000.0,23501000.0,346180000.0,124114000.0,0.846,2.384,5597373000.0,225825000.0,5371548000.0,5597373000.0,0.0,84005000.0,0.0,0.037,0.22,326473000.0,410478000.0,0.548,410478000.0,326473000.0,251905000.0,0.71,0.71,0.71,4131206000.0,,4131206000.0,9661424034.0,10.0,7.659,83533000.0,0.478,1.0,402773000.0,0.538,1250692000.0,74568000.0,17565431000.0,,31345000.0,126304000.0,99974000.0,26330000.0,9847922000.0,741424000.0,9106498000.0,4067042034.0,2891000.0,-98000.0,1958000.0,-79722000.0,-38457000.0,-111901000.0,-174726000.0,31357000.0,289518000.0,0.0,124114000.0,124114000.0,124114000.0,-4757000.0,0.0,0.166,84216000.0,318557000.0,166388000.0,0.31,0.984,15.403,15.11,11013347000.0,0.0,23.27,1.696,1.697,412770000.0,-1960806000.0,748953000.0,748953000.0,0.0,,,,,0.0,0.0,1.0,174776194.0,174859000,175062000.0,4.283,12732983000.0,6394000.0,127791000.0,1138710000.0,72.819,-114025000.0
44,AWK,MRQ,2010-06-30,2010-06-30,2010-06-30,2021-08-02,-62546000.0,13773516000.0,,590113000.0,13183403000.0,,23.112,-195783000.0,20610000.0,20610000.0,314016000.0,72751000.0,0.783,2.409,5614992000.0,309825000.0,5305167000.0,5614992000.0,0.0,80698000.0,0.0,0.041,0.21,248654000.0,329352000.0,0.519,329352000.0,248654000.0,170210000.0,0.42,0.42,0.42,4039319000.0,,4039319000.0,9038123058.0,10.0,7.58,-74264000.0,-0.425,1.0,320894000.0,0.505,1250692000.0,78444000.0,17363769000.0,,29908000.0,97610000.0,93705000.0,3905000.0,9729650000.0,753437000.0,8976213000.0,3598881058.0,7977000.0,-1044000.0,1064000.0,111842000.0,-36689000.0,79902000.0,-193444000.0,3383000.0,121519000.0,0.0,72751000.0,72751000.0,72751000.0,-4730000.0,0.0,0.115,81721000.0,239173000.0,147573000.0,0.5,0.891,15.541,15.259,10872323000.0,0.0,20.6,1.545,1.546,384609000.0,-2046326000.0,634910000.0,634910000.0,0.0,,,,,0.0,0.0,1.0,174702964.0,174774000,174850000.0,3.633,12522824000.0,4073000.0,97459000.0,1055682000.0,71.652,-163324000.0
45,AWK,MRQ,2010-03-31,2010-03-31,2010-03-31,2021-08-02,-63203000.0,13540562000.0,,497228000.0,13043334000.0,,22.888,-148592000.0,12633000.0,12633000.0,305642000.0,30808000.0,0.752,2.385,5451875000.0,194920000.0,5256955000.0,5451875000.0,0.0,82056000.0,0.0,0.038,0.21,182659000.0,264715000.0,0.467,264715000.0,182659000.0,103963000.0,0.18,0.18,0.18,3998944000.0,,3998944000.0,9240308766.0,11.0,8.051,27398000.0,0.157,1.0,261120000.0,0.461,1250417000.0,78696000.0,17068298000.0,,30089000.0,49981000.0,40273000.0,9708000.0,9537071000.0,661089000.0,8875982000.0,3800819766.0,-9623000.0,-528000.0,801000.0,-8773000.0,-36679000.0,-47831000.0,-137782000.0,11338000.0,175990000.0,0.0,30808000.0,30808000.0,30808000.0,-1128000.0,0.0,0.054,81985000.0,179135000.0,116843000.0,1.167,0.95,18.03,17.408,10742417000.0,0.0,21.76,1.647,1.648,318505000.0,-2082263000.0,566762000.0,566762000.0,0.0,,,,,0.0,0.0,1.0,174670026.0,174720000,174796000.0,3.244,12290145000.0,32564000.0,73155000.0,1024614000.0,70.342,-163861000.0
46,AWK,MRQ,2009-12-31,2009-12-31,2009-12-31,2021-08-02,-64677000.0,13452651000.0,,499127000.0,12953524000.0,,22.904,-202104000.0,22256000.0,22256000.0,196515000.0,36371000.0,0.822,2.361,5461745000.0,173565000.0,5288180000.0,5461745000.0,0.0,92935000.0,0.0,0.037,0.21,163928000.0,256863000.0,0.574,256863000.0,163928000.0,87096000.0,0.23,0.23,0.23,4000859000.0,,4000859000.0,9233553395.0,25.0,13.703,-77499000.0,-0.444,1.0,251065000.0,0.561,1250381000.0,76832000.0,17034367000.0,,29521000.0,61232000.0,41020000.0,20212000.0,9447235000.0,607392000.0,8839843000.0,3912793395.0,14425000.0,-17494000.0,506000.0,95597000.0,-36667000.0,67220000.0,-177400000.0,42198000.0,124605000.0,0.0,36371000.0,36371000.0,36371000.0,13085000.0,0.0,0.081,71652000.0,179413000.0,138609000.0,0.913,0.978,-16.787,-16.122,10677393000.0,0.0,22.41,1.708,1.645,335730000.0,-2076287000.0,447580000.0,447580000.0,0.0,,,,,7602000.0,0.0,1.0,174600330.0,174680000,174680000.0,2.562,12202270000.0,17920000.0,50725000.0,929819000.0,69.855,-108265000.0
47,AWK,MRQ,2009-09-30,2009-09-30,2009-09-30,2021-08-02,-76344000.0,13345709000.0,,516471000.0,12829238000.0,,22.837,-199965000.0,7831000.0,7831000.0,340862000.0,91636000.0,0.86,2.346,5328591000.0,130881000.0,5197710000.0,5328591000.0,0.0,74854000.0,0.0,0.041,0.21,266543000.0,341397000.0,0.502,341397000.0,266543000.0,192419000.0,0.52,0.52,0.52,3987252000.0,,3987252000.0,8819780441.0,23.0,12.331,42878000.0,0.246,1.0,339094000.0,0.499,1250067000.0,74124000.0,16815771000.0,,30835000.0,74820000.0,38933000.0,35887000.0,9353900000.0,600631000.0,8753269000.0,3480772441.0,-1181000.0,-650000.0,573000.0,-45864000.0,-36658000.0,-74918000.0,-169106000.0,31509000.0,242843000.0,0.0,91636000.0,91636000.0,91636000.0,0.0,0.0,0.135,74070000.0,265024000.0,119271000.0,0.404,0.873,-14.936,-13.118,10532131000.0,0.0,19.94,1.443,1.444,369892000.0,-2075920000.0,679956000.0,679956000.0,0.0,,,,,0.0,0.0,1.0,174562309.0,174595000,174691000.0,3.894,12095642000.0,12650000.0,100783000.0,911815000.0,69.278,-84160000.0
48,AWK,MRQ,2009-06-30,2009-06-30,2009-06-30,2021-08-02,-78357000.0,13190049000.0,,495705000.0,12694344000.0,,24.066,-211887000.0,9012000.0,9012000.0,330597000.0,51989000.0,0.625,2.357,5348020000.0,366108000.0,4981912000.0,5348020000.0,0.0,73242000.0,0.0,0.042,0.2,211513000.0,284755000.0,0.465,284755000.0,211513000.0,137825000.0,0.32,0.32,0.32,3928206000.0,,3928206000.0,8417076582.0,22.0,11.855,-125678000.0,-0.77,1.0,282143000.0,0.46,1250067000.0,73688000.0,16486203000.0,,32869000.0,79423000.0,33007000.0,46416000.0,9257286000.0,792787000.0,8464499000.0,3058195582.0,496000.0,0.0,242785000.0,-145310000.0,-31934000.0,69111000.0,-154824000.0,57063000.0,86209000.0,0.0,51989000.0,51989000.0,51989000.0,0.0,0.0,0.085,73252000.0,208891000.0,123116000.0,0.625,0.779,-12.93,-12.826,10395692000.0,0.0,19.11,1.272,1.298,357694000.0,-2130833000.0,612740000.0,612740000.0,0.0,,,,,0.0,0.0,1.0,160031166.0,163229000,163301000.0,3.754,11939982000.0,4775000.0,85836000.0,851558000.0,73.149,-297082000.0
49,AWK,MRQ,2009-03-31,2009-03-31,2009-03-31,2021-08-02,-81281000.0,12907244000.0,,420588000.0,12486656000.0,,22.876,-201209000.0,8516000.0,8516000.0,314402000.0,-413079000.0,0.36,2.525,5367397000.0,707591000.0,4659806000.0,5367397000.0,0.0,68843000.0,0.0,0.031,0.2,-278032000.0,-209189000.0,-0.38,-209189000.0,-278032000.0,-350011000.0,-2.58,-2.58,-2.58,3660341000.0,,3660341000.0,8347746555.0,23.0,12.135,-58710000.0,-0.367,1.0,235768000.0,0.429,1249839000.0,71979000.0,15847078000.0,,32811000.0,11079000.0,1446000.0,9633000.0,9242346000.0,1169208000.0,8073138000.0,3078393555.0,-1026000.0,0.0,526000.0,87694000.0,-32072000.0,58756000.0,-202281000.0,178000.0,142499000.0,0.0,-413079000.0,-413079000.0,-413079000.0,0.0,0.0,-0.751,518641000.0,-282873000.0,115066000.0,-0.078,0.841,-12.667,-12.575,10237317000.0,0.0,19.24,1.293,1.293,321258000.0,-2150745000.0,550170000.0,550170000.0,0.0,,,,,0.0,0.0,1.0,159999665.0,160011000,160011000.0,3.438,11657405000.0,0.0,63068000.0,824124000.0,72.854,-748620000.0
50,AWK,MRQ,2008-12-31,2008-12-31,2008-12-31,2021-08-02,-82251000.0,13231818000.0,,417675000.0,12814143000.0,,25.639,-301750000.0,9542000.0,9542000.0,278220000.0,36407000.0,0.378,2.225,5278895000.0,654832000.0,4624063000.0,5278895000.0,0.0,113177000.0,0.0,0.019,0.2,185124000.0,298301000.0,0.525,298301000.0,185124000.0,112687000.0,0.22,0.22,0.22,4102001000.0,,4102001000.0,8426296663.0,250.0,24.32,-142494000.0,-0.891,1.0,290331000.0,0.511,1699517000.0,72437000.0,15696894000.0,,28948000.0,11053000.0,454000.0,10599000.0,9125260000.0,1104760000.0,8020500000.0,3340462663.0,2853000.0,-4491000.0,836000.0,185121000.0,-32063000.0,153690000.0,-310093000.0,-1235000.0,159256000.0,0.0,36407000.0,36407000.0,36407000.0,0.0,0.0,0.064,113216000.0,177115000.0,149795000.0,0.909,0.814,-5.939,-5.932,10123928000.0,0.0,20.88,1.429,1.429,333635000.0,-1705594000.0,568551000.0,568551000.0,0.0,,,,,4534000.0,0.0,1.0,159983844.0,159988000,159988000.0,3.554,11532301000.0,0.0,76280000.0,792098000.0,72.082,-687085000.0
51,AWK,MRQ,2008-09-30,2008-09-30,2008-09-30,2021-08-02,0.0,12780732000.0,,497224000.0,12283508000.0,,26.023,-301032000.0,6689000.0,6689000.0,342226000.0,88158000.0,0.53,2.071,5092523000.0,423021000.0,4669502000.0,5092523000.0,0.0,68376000.0,0.0,0.009,0.2,267770000.0,336146000.0,0.5,336146000.0,267770000.0,195086000.0,0.55,0.55,0.55,4162357000.0,,4162357000.0,8453454448.0,-33.0,1712.959,-49394000.0,-0.309,1.0,329967000.0,0.491,1704310000.0,72684000.0,15224766000.0,,32949000.0,9373000.0,902000.0,8471000.0,8618375000.0,937490000.0,7680885000.0,3439156448.0,775000.0,-7773000.0,0.0,76191000.0,-31992000.0,45097000.0,-295960000.0,12845000.0,251638000.0,0.0,88158000.0,88158000.0,88158000.0,0.0,0.0,0.131,68833000.0,261134000.0,160518000.0,0.364,0.826,-4.127,-4.127,9871591000.0,0.0,21.5,1.481,1.481,411416000.0,,672193000.0,672193000.0,0.0,,,,,0.0,0.0,1.0,159960765.0,159949000,160000000.0,4.203,11076422000.0,0.0,106928000.0,820645000.0,69.25,-440266000.0
52,AWK,MRQ,2008-06-30,2008-06-30,2008-06-30,2021-08-02,0.0,12526682000.0,,458672000.0,12068010000.0,,25.654,-240666000.0,5914000.0,5914000.0,330576000.0,45498000.0,0.619,2.053,5020212000.0,323952000.0,4696260000.0,5020212000.0,0.0,67307000.0,0.0,0.0,0.0,195358000.0,262665000.0,0.446,262665000.0,195358000.0,125292000.0,0.28,0.28,0.28,4102902000.0,,4102902000.0,8640238000.0,-16.0,-32.472,-184782000.0,-1.155,1.0,258793000.0,0.439,1706675000.0,70066000.0,15093066000.0,,31679000.0,10857000.0,1874000.0,8983000.0,8423780000.0,741239000.0,7682541000.0,3548800000.0,-3288000.0,-248000.0,245000000.0,-80091000.0,0.0,180737000.0,-239909000.0,1005000.0,55884000.0,0.0,45498000.0,45498000.0,45498000.0,0.0,0.0,0.077,66507000.0,192286000.0,137303000.0,0.0,0.865,-3.281,-3.281,9621591000.0,0.0,22.18,1.554,1.554,368221000.0,,589369000.0,589369000.0,0.0,,,,,0.0,0.0,1.0,160000000.0,159932000,159976000.0,3.685,10820007000.0,0.0,79794000.0,751208000.0,67.654,-282567000.0
53,AWK,MRQ,2008-03-31,2008-03-31,2008-03-31,2021-08-02,0.0,12268004000.0,,414874000.0,11853130000.0,,23.809,-190151000.0,9202000.0,9202000.0,311261000.0,-732484000.0,0.476,2.22,5100640000.0,458325000.0,4642315000.0,5100640000.0,0.0,63916000.0,0.0,,0.0,-614552000.0,-550636000.0,-1.086,-550636000.0,-614552000.0,-684520000.0,-4.58,-4.58,-4.58,3809423000.0,,3809423000.0,,,,-104760000.0,-0.655,1.0,195554000.0,0.386,1706952000.0,69968000.0,14781016000.0,,28961000.0,11146000.0,2149000.0,8997000.0,8458581000.0,871474000.0,7587107000.0,,-4279000.0,0.0,0.0,111708000.0,0.0,98035000.0,-187705000.0,2446000.0,85391000.0,0.0,-732484000.0,-732484000.0,-732484000.0,0.0,0.0,-1.445,813846000.0,-618292000.0,119209000.0,0.0,,,,9416055000.0,0.0,,,,303928000.0,,506815000.0,506815000.0,0.0,,,,,0.0,0.0,1.0,160000000.0,160000000,160000000.0,3.168,10561052000.0,23111000.0,47964000.0,735836000.0,66.007,-456600000.0
54,AWK,MRQ,2007-12-31,2007-12-31,2007-12-31,2021-08-02,-18383000.0,12951327000.0,,430354000.0,12520973000.0,,28.388,-248399000.0,13481000.0,13481000.0,336175000.0,-234572000.0,0.556,1.851,4991806000.0,316969000.0,4674837000.0,4991806000.0,0.0,64872000.0,0.0,,0.0,-108112000.0,-43240000.0,-0.078,-43240000.0,-108112000.0,-179568000.0,-1.46,-1.46,-1.46,4542046000.0,,4542046000.0,,,,-104600000.0,-0.654,1.0,217646000.0,0.393,2456952000.0,71456000.0,14698211000.0,,27458000.0,13510000.0,3258000.0,10252000.0,8409281000.0,774489000.0,7634792000.0,,-137778000.0,-14933000.0,266000000.0,-294072000.0,0.0,-17949000.0,-263628000.0,1578000.0,143799000.0,0.0,-234572000.0,-234572000.0,-234572000.0,0.0,0.0,-0.424,330367000.0,-112721000.0,168886000.0,0.0,,,,9317961000.0,0.0,,,,350694000.0,-1079118000.0,553821000.0,553821000.0,0.0,,,,,0.0,0.0,1.0,160000000.0,160000000,160000000.0,3.461,10494375000.0,0.0,55004000.0,730281000.0,65.59,-344135000.0
55,AWK,MRQ,2007-09-30,2007-09-30,2007-09-30,2021-08-02,,,,,,,,-207218000.0,,,328305000.0,-160117000.0,,,,,,,,69699000.0,,,0.0,-4570000.0,65129000.0,0.103,65129000.0,-4570000.0,-73309000.0,-1.0,-1.0,-1.0,,,,,,,-13486000.0,-0.084,1.0,304812000.0,0.481,,68739000.0,,,,,,,,,,,99814000.0,-727000.0,150000000.0,1699822000.0,0.0,109591000.0,-203509000.0,4436000.0,193732000.0,0.0,-160117000.0,-160117000.0,-160117000.0,0.0,0.0,-0.253,312336000.0,-7524000.0,,0.0,,,,,0.0,,,,,,633117000.0,633117000.0,0.0,,,,,0.0,0.0,1.0,,160000000,160000000.0,3.957,,,86808000.0,,,
56,AWK,MRQ,2007-06-30,2007-06-30,2007-06-30,2021-08-02,,,,,,,,-137050000.0,,,299385000.0,49178000.0,,,,,,,,68137000.0,,,0.0,198529000.0,266666000.0,0.477,266666000.0,198529000.0,127766000.0,0.31,0.31,0.31,,,,,,,-55080000.0,-0.344,1.0,259348000.0,0.464,,70763000.0,,,,,,,,,,,-222318000.0,9443000.0,1092000.0,-193775000.0,0.0,-190064000.0,-114224000.0,13383000.0,81970000.0,0.0,49178000.0,49178000.0,49178000.0,807000.0,0.0,0.088,61918000.0,197430000.0,,0.0,,,,,0.0,,,,,,558733000.0,558733000.0,0.0,,,,,0.0,0.0,1.0,,160000000,160000000.0,3.492,,,78588000.0,,,
57,AWK,MRQ,2007-03-31,2007-03-31,2007-03-31,2021-08-02,,,,,,,,-167995000.0,,,282613000.0,2685000.0,,,,,,,,64627000.0,,,0.0,124502000.0,189129000.0,0.404,189129000.0,124502000.0,52295000.0,0.02,0.02,0.02,,,,,,,-113784000.0,-0.711,1.0,185931000.0,0.397,,72207000.0,,,,,,,,,,,244009000.0,0.0,550000000.0,-207932000.0,0.0,355015000.0,-165217000.0,2778000.0,54211000.0,0.0,2685000.0,2685000.0,2685000.0,-256000.0,0.0,0.006,64733000.0,121198000.0,,0.0,,,,,0.0,,,,,,468544000.0,468544000.0,0.0,,,,,0.0,0.0,1.0,,160000000,160000000.0,2.928,,,49610000.0,,,
58,AWK,MRQ,2006-12-31,2006-12-31,2006-12-31,2021-08-02,0.0,12783059000.0,,412441000.0,12370618000.0,,23.859,,29754000.0,29754000.0,,,0.302,2.349,4103532000.0,1007128000.0,3096404000.0,4103532000.0,0.0,,0.0,,0.0,,,,,,,,,,3817397000.0,,3817397000.0,,,,,,1.0,,,2962493000.0,,12530682000.0,,23012000.0,19339000.0,2100000.0,17239000.0,8965662000.0,1363662000.0,7602000000.0,,,,,,,,,,,,,,,,,,,,140691000.0,,,,,8720557000.0,,,,,308165000.0,,,,,,,,,,,1.0,,160000000,,,9820566000.0,0.0,,648051000.0,61.379,-951221000.0
0,AWK,MRT,2021-06-30,2021-06-30,2021-06-30,2021-08-02,-46000000.0,24952000000.0,24659250000.0,1570000000.0,23382000000.0,0.158,36.758,-1803000000.0,70000000.0,70000000.0,1698000000.0,749000000.0,0.918,2.73,11080000000.0,655000000.0,10425000000.0,11080000000.0,0.0,622000000.0,0.0,0.015,2.253,1650000000.0,2272000000.0,0.584,2272000000.0,1650000000.0,1253000000.0,4.13,4.13,4.13,6690000000.0,6559750000.0,6690000000.0,38738847179.0,23.0,17.051,-388000000.0,-2.132,1.0,2191000000.0,0.563,1561000000.0,397000000.0,32691000000.0,31391250000.0,52000000.0,34000000.0,34000000.0,0.0,18262000000.0,1710000000.0,16552000000.0,27969847179.0,-501000000.0,-134000000.0,-1000000.0,390000000.0,-408000000.0,21000000.0,-1937000000.0,0.0,1415000000.0,0.0,749000000.0,749000000.0,749000000.0,0.0,0.0,0.193,622000000.0,1569000000.0,146000000.0,0.546,4.181,37.343,37.32,20308000000.0,0.0,154.13,7.192,7.213,565000000.0,332000000.0,3889000000.0,3889000000.0,0.0,0.03,0.114,0.053,0.424,0.0,0.0,1.0,181469196.0,182000000,182000000.0,21.368,23391000000.0,0.0,504000000.0,2320000000.0,128.522,-140000000.0
1,AWK,MRT,2021-03-31,2021-03-31,2021-03-31,2021-08-02,-48000000.0,24525000000.0,24423500000.0,1466000000.0,23059000000.0,0.156,36.37,-1857000000.0,69000000.0,69000000.0,1658000000.0,718000000.0,0.598,2.726,10838000000.0,1426000000.0,9412000000.0,10838000000.0,0.0,616000000.0,0.0,0.015,2.2,1626000000.0,2242000000.0,0.587,2242000000.0,1626000000.0,1229000000.0,3.96,3.96,3.96,6583000000.0,6471750000.0,6583000000.0,37679373110.0,23.0,16.806,-432000000.0,-2.387,1.0,2163000000.0,0.566,1563000000.0,397000000.0,31280000000.0,30825000000.0,52000000.0,30000000.0,30000000.0,0.0,17942000000.0,2451000000.0,15491000000.0,27201373110.0,-490000000.0,-117000000.0,3000000.0,427000000.0,-399000000.0,59000000.0,-1974000000.0,0.0,1425000000.0,0.0,718000000.0,718000000.0,718000000.0,0.0,0.0,0.188,616000000.0,1547000000.0,134000000.0,0.556,4.132,37.885,37.859,20003000000.0,0.0,149.92,7.119,7.102,493000000.0,235000000.0,3821000000.0,3821000000.0,0.0,0.029,0.111,0.053,0.426,0.0,0.0,1.0,181439255.0,181000000,182000000.0,21.11,22962000000.0,0.0,511000000.0,2299000000.0,126.862,-985000000.0
2,AWK,MRT,2020-12-31,2020-12-31,2020-12-31,2021-08-02,-49000000.0,24766000000.0,24178750000.0,1906000000.0,22860000000.0,0.156,35.657,-1926000000.0,547000000.0,547000000.0,1622000000.0,709000000.0,0.662,2.837,11025000000.0,1611000000.0,9414000000.0,11025000000.0,0.0,604000000.0,0.0,0.014,2.15,1622000000.0,2226000000.0,0.589,2226000000.0,1622000000.0,1227000000.0,3.91,3.91,3.91,6454000000.0,6386750000.0,6454000000.0,38037813073.0,23.0,17.088,-500000000.0,-2.762,1.0,2155000000.0,0.571,1559000000.0,395000000.0,30804000000.0,30270500000.0,47000000.0,29000000.0,29000000.0,0.0,18312000000.0,2881000000.0,15431000000.0,27819813073.0,485000000.0,-135000000.0,9000000.0,1472000000.0,-389000000.0,1120000000.0,-2061000000.0,0.0,1426000000.0,0.0,709000000.0,709000000.0,709000000.0,0.0,0.0,0.188,604000000.0,1551000000.0,189000000.0,0.55,4.31,39.238,39.251,19805000000.0,0.0,153.47,7.366,7.355,527000000.0,102000000.0,3777000000.0,3777000000.0,0.0,0.029,0.111,0.054,0.429,0.0,0.0,1.0,181271995.0,181000000,182000000.0,20.867,23207000000.0,0.0,518000000.0,2163000000.0,128.215,-975000000.0
3,AWK,MRT,2020-09-30,2020-09-30,2020-09-30,2021-08-02,-38000000.0,24394000000.0,23657750000.0,1967000000.0,22427000000.0,0.159,35.978,-1928000000.0,560000000.0,560000000.0,1605000000.0,662000000.0,0.87,2.746,10778000000.0,1111000000.0,9667000000.0,10778000000.0,0.0,603000000.0,0.0,0.014,2.1,1569000000.0,2172000000.0,0.578,2172000000.0,1569000000.0,1175000000.0,3.66,3.65,3.66,6512000000.0,6303500000.0,6512000000.0,36349845372.0,23.0,16.736,-502000000.0,-2.773,1.0,2151000000.0,0.573,1562000000.0,394000000.0,30790000000.0,29708500000.0,49000000.0,39000000.0,39000000.0,0.0,17882000000.0,2260000000.0,15622000000.0,26252845372.0,483000000.0,-209000000.0,8000000.0,1536000000.0,-380000000.0,1194000000.0,-2137000000.0,0.0,1426000000.0,0.0,662000000.0,662000000.0,662000000.0,0.0,0.0,0.176,646000000.0,1505000000.0,162000000.0,0.574,4.031,39.657,39.585,19364000000.0,0.0,144.88,6.99,6.982,559000000.0,157000000.0,3756000000.0,3756000000.0,0.0,0.028,0.105,0.053,0.418,0.0,0.0,1.0,181204068.0,181000000,182000000.0,20.751,22832000000.0,0.0,513000000.0,2124000000.0,126.144,-293000000.0
4,AWK,MRT,2020-06-30,2020-06-30,2020-06-30,2021-08-02,-39000000.0,24009000000.0,23118750000.0,1896000000.0,22113000000.0,0.16,35.017,-1891000000.0,569000000.0,569000000.0,1581000000.0,638000000.0,0.897,2.788,10666000000.0,989000000.0,9677000000.0,10666000000.0,0.0,593000000.0,0.0,0.016,2.05,1528000000.0,2121000000.0,0.575,2121000000.0,1528000000.0,1136000000.0,3.53,3.52,3.53,6338000000.0,6223000000.0,6338000000.0,33136409145.0,22.0,15.623,-457000000.0,-2.525,1.0,2109000000.0,0.572,1567000000.0,392000000.0,30426000000.0,29073250000.0,51000000.0,36000000.0,36000000.0,0.0,17671000000.0,2113000000.0,15558000000.0,23290409145.0,518000000.0,-195000000.0,11000000.0,1501000000.0,-370000000.0,1170000000.0,-2086000000.0,0.0,1434000000.0,0.0,638000000.0,638000000.0,638000000.0,0.0,0.0,0.173,636000000.0,1473000000.0,169000000.0,0.581,3.675,36.505,36.448,19043000000.0,0.0,128.66,6.312,6.311,505000000.0,-7000000.0,3690000000.0,3690000000.0,0.0,0.028,0.103,0.053,0.414,0.0,0.0,1.0,181022922.0,181000000,181000000.0,20.387,22442000000.0,0.0,498000000.0,2038000000.0,123.989,-217000000.0
5,AWK,MRT,2020-03-31,2020-03-31,2020-03-31,2021-08-02,-41000000.0,23546000000.0,22580000000.0,1801000000.0,21745000000.0,0.161,34.492,-1810000000.0,556000000.0,556000000.0,1562000000.0,632000000.0,0.651,2.772,10402000000.0,1690000000.0,8712000000.0,10402000000.0,0.0,583000000.0,0.0,0.017,2.0,1513000000.0,2096000000.0,0.576,2096000000.0,1513000000.0,1128000000.0,3.5,3.49,3.5,6243000000.0,6145250000.0,6243000000.0,31124337404.0,21.0,14.849,-415000000.0,-2.293,1.0,2079000000.0,0.571,1563000000.0,385000000.0,29062000000.0,28463500000.0,50000000.0,33000000.0,33000000.0,0.0,17303000000.0,2767000000.0,14536000000.0,21637337404.0,503000000.0,-234000000.0,11000000.0,1471000000.0,-361000000.0,1152000000.0,-2044000000.0,0.0,1395000000.0,0.0,632000000.0,632000000.0,632000000.0,0.0,0.0,0.174,620000000.0,1459000000.0,152000000.0,0.571,3.466,34.236,34.16,18689000000.0,0.0,119.56,5.943,5.944,464000000.0,-83000000.0,3641000000.0,3641000000.0,0.0,0.028,0.103,0.053,0.416,0.0,0.0,1.0,180974719.0,181000000,181000000.0,20.116,21983000000.0,0.0,496000000.0,1993000000.0,121.453,-966000000.0
6,AWK,MRT,2019-12-31,2019-12-31,2019-12-31,2021-08-02,-36000000.0,22682000000.0,22059500000.0,1285000000.0,21397000000.0,0.164,33.818,-1710000000.0,60000000.0,60000000.0,1544000000.0,621000000.0,0.628,2.706,9547000000.0,814000000.0,8733000000.0,9547000000.0,0.0,582000000.0,0.0,0.016,1.955,1495000000.0,2077000000.0,0.575,2077000000.0,1495000000.0,1113000000.0,3.44,3.43,3.44,6121000000.0,6067500000.0,6121000000.0,31357352362.0,21.0,15.097,-327000000.0,-1.807,1.0,2066000000.0,0.572,1568000000.0,382000000.0,28556000000.0,27830000000.0,44000000.0,31000000.0,31000000.0,0.0,16561000000.0,2045000000.0,14516000000.0,22208352362.0,-68000000.0,-235000000.0,-21000000.0,842000000.0,-353000000.0,494000000.0,-1945000000.0,0.0,1383000000.0,0.0,621000000.0,621000000.0,621000000.0,0.0,0.0,0.172,616000000.0,1450000000.0,203000000.0,0.568,3.628,35.762,35.712,18335000000.0,0.0,122.85,6.152,6.16,466000000.0,-207000000.0,3610000000.0,3610000000.0,0.0,0.028,0.102,0.054,0.414,0.0,0.0,1.0,180776169.0,181000000,181000000.0,19.945,21114000000.0,0.0,492000000.0,1939000000.0,116.652,-760000000.0
7,AWK,MRT,2019-09-30,2019-09-30,2019-09-30,2021-08-02,-46000000.0,22238000000.0,21694750000.0,799000000.0,21439000000.0,0.164,34.199,-1643000000.0,94000000.0,94000000.0,1526000000.0,635000000.0,0.537,2.593,9243000000.0,503000000.0,8740000000.0,9243000000.0,0.0,571000000.0,0.0,0.015,1.91,1518000000.0,2089000000.0,0.587,2089000000.0,1518000000.0,1143000000.0,3.51,3.51,3.51,6190000000.0,6003250000.0,6190000000.0,31545482561.0,21.0,15.101,-304000000.0,-1.68,1.0,2032000000.0,0.571,1650000000.0,375000000.0,28249000000.0,27178750000.0,46000000.0,22000000.0,22000000.0,0.0,16048000000.0,1488000000.0,14560000000.0,22442482561.0,0.0,-102000000.0,-15000000.0,744000000.0,-345000000.0,406000000.0,-1745000000.0,0.0,1339000000.0,0.0,635000000.0,635000000.0,635000000.0,0.0,0.0,0.178,562000000.0,1470000000.0,149000000.0,0.544,3.626,35.342,35.393,18260000000.0,0.0,124.23,6.308,6.32,522000000.0,-123000000.0,3558000000.0,3558000000.0,0.0,0.029,0.106,0.056,0.427,0.0,0.0,1.0,180652681.0,181000000,181000000.0,19.657,20588000000.0,0.0,508000000.0,1982000000.0,113.746,-689000000.0
8,AWK,MRT,2019-06-30,2019-06-30,2019-06-30,2021-08-02,-47000000.0,21854000000.0,21355250000.0,741000000.0,21113000000.0,0.165,33.298,-1603000000.0,64000000.0,64000000.0,1521000000.0,580000000.0,0.563,2.626,9167000000.0,422000000.0,8745000000.0,9167000000.0,0.0,568000000.0,0.0,0.016,1.865,1452000000.0,2020000000.0,0.574,2020000000.0,1452000000.0,1085000000.0,3.22,3.22,3.22,6027000000.0,5920750000.0,6027000000.0,29815181960.0,21.0,14.76,-262000000.0,-1.448,1.0,2000000000.0,0.568,1653000000.0,367000000.0,27987000000.0,26563500000.0,48000000.0,22000000.0,22000000.0,0.0,15827000000.0,1317000000.0,14510000000.0,20940181960.0,-10000000.0,-101000000.0,-20000000.0,687000000.0,-337000000.0,353000000.0,-1704000000.0,0.0,1341000000.0,0.0,582000000.0,582000000.0,582000000.0,0.0,-2000000.0,0.165,598000000.0,1402000000.0,140000000.0,0.579,3.474,35.98,36.025,17910000000.0,0.0,116.0,5.947,5.963,516000000.0,-273000000.0,3521000000.0,3521000000.0,0.0,0.027,0.098,0.055,0.412,0.0,0.0,1.0,180518810.0,181000000,181000000.0,19.453,20201000000.0,0.0,503000000.0,1884000000.0,111.608,-576000000.0
9,AWK,MRT,2019-03-31,2019-03-31,2019-03-31,2021-08-02,-47000000.0,21464000000.0,21009500000.0,691000000.0,20773000000.0,0.166,32.773,-1589000000.0,63000000.0,63000000.0,1497000000.0,572000000.0,0.321,2.618,8938000000.0,1269000000.0,7669000000.0,8938000000.0,0.0,560000000.0,0.0,0.017,1.82,1436000000.0,1996000000.0,0.572,1996000000.0,1436000000.0,1077000000.0,3.18,3.19,3.18,5932000000.0,5848000000.0,5932000000.0,27326171929.0,19.0,13.69,-254000000.0,-1.403,1.0,1995000000.0,0.571,1655000000.0,359000000.0,26528000000.0,25590500000.0,44000000.0,22000000.0,22000000.0,0.0,15532000000.0,2156000000.0,13376000000.0,18845171929.0,4000000.0,-412000000.0,163000000.0,815000000.0,-327000000.0,670000000.0,-2001000000.0,0.0,1335000000.0,0.0,574000000.0,574000000.0,574000000.0,0.0,-2000000.0,0.164,596000000.0,1399000000.0,130000000.0,0.572,3.177,32.831,32.786,17739000000.0,0.0,104.26,5.397,5.404,477000000.0,-353000000.0,3492000000.0,3492000000.0,0.0,0.027,0.098,0.056,0.411,0.0,0.0,1.0,180751697.0,181000000,181000000.0,19.293,19809000000.0,0.0,503000000.0,1833000000.0,109.442,-1465000000.0
10,AWK,MRT,2018-12-31,2018-12-31,2018-12-31,2021-08-02,-34000000.0,21223000000.0,20575500000.0,781000000.0,20442000000.0,0.167,32.578,-1638000000.0,130000000.0,130000000.0,1479000000.0,565000000.0,0.373,2.619,8611000000.0,1035000000.0,7576000000.0,8611000000.0,0.0,545000000.0,0.0,0.02,1.78,1416000000.0,1961000000.0,0.57,1961000000.0,1416000000.0,1066000000.0,3.16,3.15,3.16,5864000000.0,5727750000.0,5864000000.0,24710952531.0,17.0,12.601,-252000000.0,-1.4,1.0,1961000000.0,0.57,1659000000.0,350000000.0,25951000000.0,24899000000.0,41000000.0,28000000.0,28000000.0,0.0,15359000000.0,2094000000.0,13265000000.0,16392952531.0,76000000.0,-398000000.0,154000000.0,870000000.0,-319000000.0,726000000.0,-2036000000.0,0.0,1386000000.0,0.0,567000000.0,567000000.0,567000000.0,0.0,-2000000.0,0.165,582000000.0,1379000000.0,175000000.0,0.563,2.796,28.912,28.725,17409000000.0,0.0,90.77,4.765,4.75,487000000.0,-464000000.0,3440000000.0,3440000000.0,0.0,0.028,0.099,0.057,0.412,0.0,0.0,1.0,180598794.0,180000000,180000000.0,19.111,19564000000.0,0.0,499000000.0,1785000000.0,108.689,-1313000000.0
11,AWK,MRT,2018-09-30,2018-09-30,2018-09-30,2021-08-02,-60000000.0,20880000000.0,20140250000.0,800000000.0,20080000000.0,0.169,32.376,-1653000000.0,86000000.0,86000000.0,1451000000.0,452000000.0,0.458,2.563,8404000000.0,827000000.0,7577000000.0,8404000000.0,0.0,518000000.0,0.0,0.02,1.74,1439000000.0,1957000000.0,0.574,1957000000.0,1439000000.0,1097000000.0,2.54,2.53,2.54,5860000000.0,5608000000.0,5860000000.0,24174898658.0,17.0,12.353,-232000000.0,-1.282,1.0,1960000000.0,0.575,1662000000.0,342000000.0,25788000000.0,24271000000.0,42000000.0,29000000.0,29000000.0,0.0,15020000000.0,1748000000.0,13272000000.0,15877898658.0,-6000000.0,-548000000.0,140000000.0,914000000.0,-311000000.0,774000000.0,-2201000000.0,0.0,1421000000.0,0.0,454000000.0,454000000.0,454000000.0,0.0,-2000000.0,0.133,548000000.0,1412000000.0,141000000.0,0.685,2.71,34.973,34.634,17063000000.0,0.0,87.97,4.655,4.668,550000000.0,-432000000.0,3411000000.0,3411000000.0,0.0,0.023,0.081,0.059,0.422,0.0,0.0,1.0,180492198.0,181000000,181000000.0,18.845,19218000000.0,0.0,643000000.0,1758000000.0,106.177,-948000000.0
12,AWK,MRT,2018-06-30,2018-06-30,2018-06-30,2021-08-02,-69000000.0,20471000000.0,19760500000.0,833000000.0,19638000000.0,0.171,32.045,-1641000000.0,68000000.0,68000000.0,1383000000.0,470000000.0,0.282,2.569,8365000000.0,2013000000.0,6352000000.0,8365000000.0,0.0,505000000.0,0.0,0.02,1.7,1512000000.0,2017000000.0,0.598,2017000000.0,1512000000.0,1170000000.0,2.64,2.62,2.64,5736000000.0,5522500000.0,5736000000.0,23153728165.0,15.0,11.479,-191000000.0,-1.067,1.0,1988000000.0,0.59,1722000000.0,342000000.0,24095000000.0,23728750000.0,42000000.0,27000000.0,27000000.0,0.0,14735000000.0,2951000000.0,11784000000.0,15201728165.0,4000000.0,-545000000.0,143000000.0,867000000.0,-303000000.0,740000000.0,-2186000000.0,0.0,1450000000.0,0.0,470000000.0,470000000.0,470000000.0,0.0,0.0,0.139,489000000.0,1499000000.0,139000000.0,0.644,2.65,32.344,32.341,16777000000.0,0.0,85.38,4.51,4.534,536000000.0,-537000000.0,3371000000.0,3371000000.0,0.0,0.024,0.085,0.064,0.449,0.0,0.0,1.0,178047882.0,179000000,179000000.0,18.832,18749000000.0,0.0,700000000.0,1687000000.0,104.743,-2118000000.0
13,AWK,MRT,2018-03-31,2018-03-31,2018-03-31,2021-08-02,-75000000.0,19728000000.0,19384250000.0,729000000.0,18999000000.0,0.173,30.624,-1590000000.0,55000000.0,55000000.0,1382000000.0,439000000.0,0.287,2.619,8007000000.0,1604000000.0,6403000000.0,8007000000.0,0.0,497000000.0,0.0,0.02,1.66,1509000000.0,2006000000.0,0.597,2006000000.0,1509000000.0,1168000000.0,2.48,2.44,2.48,5451000000.0,5434500000.0,5451000000.0,22334469436.0,15.0,11.134,-199000000.0,-1.118,1.0,1980000000.0,0.589,1379000000.0,341000000.0,23762000000.0,23287500000.0,42000000.0,26000000.0,26000000.0,0.0,14277000000.0,2539000000.0,11738000000.0,14664469436.0,-23000000.0,-183000000.0,-41000000.0,662000000.0,-296000000.0,359000000.0,-1773000000.0,0.0,1391000000.0,0.0,439000000.0,439000000.0,439000000.0,0.0,0.0,0.131,479000000.0,1501000000.0,133000000.0,0.669,2.69,33.404,33.117,16477000000.0,0.0,82.13,4.362,4.348,461000000.0,-617000000.0,3362000000.0,3362000000.0,0.0,0.023,0.081,0.065,0.449,0.0,0.0,1.0,178551923.0,178000000,179000000.0,18.888,18349000000.0,0.0,729000000.0,1671000000.0,103.084,-1810000000.0
14,AWK,MRT,2017-12-31,2017-12-31,2017-12-31,2021-08-02,-79000000.0,19482000000.0,19104750000.0,720000000.0,18762000000.0,0.176,30.253,-1495000000.0,55000000.0,55000000.0,1369000000.0,426000000.0,0.31,2.618,7725000000.0,1227000000.0,6498000000.0,7725000000.0,0.0,492000000.0,0.0,0.018,1.62,1513000000.0,2005000000.0,0.597,2005000000.0,1513000000.0,1171000000.0,2.39,2.38,2.39,5385000000.0,5393500000.0,5385000000.0,23697565346.0,16.0,11.819,-46000000.0,-0.258,1.0,1988000000.0,0.592,1388000000.0,342000000.0,23439000000.0,22866000000.0,41000000.0,27000000.0,27000000.0,0.0,14097000000.0,2325000000.0,11772000000.0,16319565346.0,-16000000.0,-177000000.0,-39000000.0,507000000.0,-289000000.0,207000000.0,-1672000000.0,0.0,1449000000.0,0.0,426000000.0,426000000.0,426000000.0,0.0,0.0,0.127,476000000.0,1512000000.0,195000000.0,0.678,3.031,38.309,38.28,16246000000.0,0.0,91.49,4.861,4.851,484000000.0,-723000000.0,3357000000.0,3357000000.0,0.0,0.022,0.079,0.066,0.451,0.0,0.0,1.0,178375400.0,178000000,179000000.0,18.86,18094000000.0,0.0,745000000.0,1606000000.0,101.652,-1605000000.0
15,AWK,MRT,2017-09-30,2017-09-30,2017-09-30,2021-08-02,-87000000.0,19361000000.0,18854750000.0,860000000.0,18501000000.0,0.177,31.0,-1402000000.0,93000000.0,93000000.0,1371000000.0,528000000.0,0.492,2.509,7471000000.0,790000000.0,6681000000.0,7471000000.0,0.0,498000000.0,0.0,0.02,1.58,1474000000.0,1972000000.0,0.591,1972000000.0,1474000000.0,1132000000.0,2.97,2.95,2.97,5518000000.0,5351750000.0,5518000000.0,21822823239.0,15.0,11.066,-38000000.0,-0.213,1.0,1967000000.0,0.589,1373000000.0,342000000.0,23619000000.0,22469250000.0,42000000.0,28000000.0,28000000.0,0.0,13843000000.0,1747000000.0,12096000000.0,14424823239.0,49000000.0,-185000000.0,-42000000.0,577000000.0,-282000000.0,277000000.0,-1592000000.0,-5000000.0,1364000000.0,0.0,528000000.0,528000000.0,528000000.0,0.0,0.0,0.158,487000000.0,1480000000.0,144000000.0,0.532,2.614,27.32,27.242,15681000000.0,0.0,80.91,4.321,4.315,546000000.0,-573000000.0,3338000000.0,3338000000.0,0.0,0.028,0.099,0.066,0.442,0.0,0.0,1.0,178282329.0,178000000,179000000.0,18.753,17988000000.0,0.0,604000000.0,2946000000.0,101.056,-887000000.0
16,AWK,MRT,2017-06-30,2017-06-30,2017-06-30,2021-08-02,-85000000.0,18966000000.0,18507250000.0,808000000.0,18158000000.0,0.18,30.247,-1371000000.0,64000000.0,64000000.0,1481000000.0,473000000.0,0.304,2.523,7462000000.0,1803000000.0,5659000000.0,7462000000.0,0.0,489000000.0,0.0,0.02,1.54,1373000000.0,1862000000.0,0.559,1862000000.0,1373000000.0,1039000000.0,2.66,2.65,2.66,5384000000.0,5281750000.0,5384000000.0,21118998272.0,15.0,11.342,-94000000.0,-0.528,1.0,1851000000.0,0.556,1373000000.0,334000000.0,22330000000.0,21949750000.0,41000000.0,28000000.0,28000000.0,0.0,13582000000.0,2661000000.0,10921000000.0,13889998272.0,14000000.0,-189000000.0,-43000000.0,598000000.0,-275000000.0,297000000.0,-1560000000.0,-2000000.0,1277000000.0,0.0,473000000.0,473000000.0,473000000.0,0.0,0.0,0.142,480000000.0,1371000000.0,134000000.0,0.579,2.58,29.366,29.305,15391000000.0,0.0,77.95,4.169,4.164,524000000.0,-702000000.0,3332000000.0,3332000000.0,0.0,0.026,0.09,0.063,0.412,0.0,0.0,1.0,178191126.0,178000000,179000000.0,18.719,17593000000.0,0.0,566000000.0,2793000000.0,98.837,-1853000000.0
17,AWK,MRT,2017-03-31,2017-03-31,2017-03-31,2021-08-02,-82000000.0,18610000000.0,18192250000.0,767000000.0,17843000000.0,0.182,29.702,-1368000000.0,78000000.0,78000000.0,1485000000.0,479000000.0,0.317,2.52,7307000000.0,1554000000.0,5753000000.0,7307000000.0,0.0,478000000.0,0.0,0.019,1.5,1369000000.0,1847000000.0,0.557,1847000000.0,1369000000.0,1039000000.0,2.69,2.69,2.69,5287000000.0,5224000000.0,5287000000.0,20966760952.0,15.0,11.352,-62000000.0,-0.348,1.0,1830000000.0,0.552,1345000000.0,330000000.0,22076000000.0,21733750000.0,41000000.0,23000000.0,23000000.0,0.0,13323000000.0,2418000000.0,10905000000.0,13859760952.0,12000000.0,-184000000.0,-44000000.0,553000000.0,-267000000.0,258000000.0,-1552000000.0,-1000000.0,1306000000.0,0.0,479000000.0,479000000.0,479000000.0,0.0,0.0,0.144,469000000.0,1361000000.0,108000000.0,0.558,2.621,28.935,28.911,15128000000.0,0.0,77.77,4.181,4.176,477000000.0,-759000000.0,3315000000.0,3315000000.0,0.0,0.026,0.092,0.063,0.413,0.0,0.0,1.0,178214748.0,178000000,179000000.0,18.624,17265000000.0,0.0,560000000.0,2719000000.0,96.994,-1651000000.0
18,AWK,MRT,2016-12-31,2016-12-31,2016-12-31,2021-08-02,-86000000.0,18482000000.0,17894000000.0,784000000.0,17698000000.0,0.185,29.315,-1386000000.0,75000000.0,75000000.0,1499000000.0,468000000.0,0.328,2.542,7182000000.0,1423000000.0,5759000000.0,7182000000.0,0.0,470000000.0,0.0,0.02,1.465,1353000000.0,1823000000.0,0.552,1823000000.0,1353000000.0,1028000000.0,2.63,2.62,2.63,5218000000.0,5172750000.0,5218000000.0,19691323636.0,15.0,10.802,-97000000.0,-0.545,1.0,1803000000.0,0.546,1345000000.0,325000000.0,21852000000.0,21509250000.0,39000000.0,20000000.0,20000000.0,0.0,13264000000.0,2392000000.0,10872000000.0,12880323636.0,27000000.0,-204000000.0,-52000000.0,625000000.0,-261000000.0,328000000.0,-1590000000.0,0.0,1289000000.0,0.0,468000000.0,468000000.0,468000000.0,0.0,0.0,0.142,460000000.0,1343000000.0,154000000.0,0.557,2.468,27.522,27.513,14992000000.0,0.0,72.36,3.901,3.901,532000000.0,-873000000.0,3302000000.0,3302000000.0,0.0,0.026,0.09,0.063,0.41,0.0,0.0,1.0,178003367.0,178000000,179000000.0,18.551,17137000000.0,0.0,560000000.0,2650000000.0,96.275,-1608000000.0
19,AWK,MRT,2016-09-30,2016-09-30,2016-09-30,2021-08-02,-99000000.0,17971000000.0,17583750000.0,801000000.0,17170000000.0,0.187,29.427,-1392000000.0,46000000.0,46000000.0,1511000000.0,466000000.0,0.415,2.431,6857000000.0,1004000000.0,5853000000.0,6857000000.0,0.0,463000000.0,0.0,0.019,1.43,1338000000.0,1801000000.0,0.549,1801000000.0,1338000000.0,1016000000.0,2.62,2.61,2.62,5238000000.0,5130500000.0,5238000000.0,20127216215.0,15.0,11.176,-108000000.0,-0.607,1.0,1772000000.0,0.54,1313000000.0,322000000.0,21541000000.0,21275500000.0,40000000.0,23000000.0,23000000.0,0.0,12733000000.0,1928000000.0,10805000000.0,13314216215.0,-25000000.0,-50000000.0,-123000000.0,510000000.0,-255000000.0,119000000.0,-1428000000.0,5000000.0,1284000000.0,0.0,466000000.0,466000000.0,466000000.0,0.0,0.0,0.142,454000000.0,1318000000.0,135000000.0,0.546,2.542,28.571,28.565,14559000000.0,0.0,74.84,4.056,4.058,587000000.0,-839000000.0,3283000000.0,3283000000.0,0.0,0.027,0.091,0.063,0.408,0.0,0.0,1.0,177902408.0,178000000,178000000.0,18.444,16658000000.0,0.0,550000000.0,2592000000.0,93.584,-1127000000.0
20,AWK,MRT,2016-06-30,2016-06-30,2016-06-30,2021-08-02,-96000000.0,17706000000.0,17367293250.0,691000000.0,17015000000.0,0.187,28.949,-1383000000.0,52000000.0,52000000.0,1443000000.0,492000000.0,0.397,2.436,6865000000.0,1004000000.0,5861000000.0,6865000000.0,0.0,455000000.0,0.0,0.017,1.395,1373000000.0,1828000000.0,0.563,1828000000.0,1373000000.0,1055000000.0,2.76,2.74,2.76,5153000000.0,5112363000.0,5153000000.0,21706651972.0,16.0,11.875,-70000000.0,-0.393,1.0,1806000000.0,0.556,1313000000.0,318000000.0,21466000000.0,21113814000.0,42000000.0,23000000.0,23000000.0,0.0,12553000000.0,1740000000.0,10813000000.0,15018651972.0,-89000000.0,-180000000.0,-134000000.0,544000000.0,-249000000.0,155000000.0,-1557000000.0,2000000.0,1313000000.0,0.0,492000000.0,492000000.0,492000000.0,0.0,0.0,0.151,451000000.0,1355000000.0,148000000.0,0.505,2.915,30.526,30.62,14317000000.0,0.0,84.51,4.623,4.63,526000000.0,-921000000.0,3249000000.0,3249000000.0,0.0,0.028,0.096,0.065,0.423,0.0,0.0,1.0,177714495.0,178000000,178000000.0,18.253,16393000000.0,0.0,563000000.0,2492000000.0,92.096,-1049000000.0
21,AWK,MRT,2016-03-31,2016-03-31,2016-03-31,2021-08-02,-87000000.0,17417000000.0,17123876250.0,638000000.0,16779000000.0,0.187,28.551,-1328000000.0,66000000.0,66000000.0,1428000000.0,478000000.0,0.395,2.427,6754000000.0,893000000.0,5861000000.0,6754000000.0,0.0,449000000.0,0.0,0.02,1.36,1343000000.0,1792000000.0,0.559,1792000000.0,1343000000.0,1030000000.0,2.68,2.65,2.68,5082000000.0,5087460500.0,5082000000.0,18769144171.0,14.0,10.474,-71000000.0,-0.399,1.0,1776000000.0,0.554,1313000000.0,313000000.0,21178000000.0,20792747500.0,41000000.0,22000000.0,22000000.0,0.0,12335000000.0,1614000000.0,10721000000.0,12270144171.0,46000000.0,-219000000.0,-145000000.0,714000000.0,-244000000.0,325000000.0,-1536000000.0,5000000.0,1257000000.0,0.0,478000000.0,478000000.0,478000000.0,0.0,0.0,0.149,446000000.0,1330000000.0,116000000.0,0.507,2.414,25.67,25.72,14098000000.0,0.0,68.93,3.83,3.829,467000000.0,-991000000.0,3204000000.0,3204000000.0,0.0,0.028,0.094,0.065,0.419,0.0,0.0,1.0,178008765.0,178000000,179000000.0,18.0,16104000000.0,0.0,552000000.0,2439000000.0,90.472,-976000000.0
22,AWK,MRT,2015-12-31,2015-12-31,2015-12-31,2021-08-02,-88000000.0,17241000000.0,16835509000.0,657000000.0,16584000000.0,0.188,28.207,-1267000000.0,45000000.0,45000000.0,1404000000.0,476000000.0,0.429,2.415,6556000000.0,682000000.0,5874000000.0,6556000000.0,0.0,440000000.0,0.0,0.022,1.33,1333000000.0,1773000000.0,0.561,1773000000.0,1333000000.0,1025000000.0,2.66,2.64,2.66,5049000000.0,5065195000.0,5049000000.0,16990657817.0,13.0,9.583,-72000000.0,-0.402,1.0,1755000000.0,0.556,1302000000.0,308000000.0,20917000000.0,20457804250.0,38000000.0,21000000.0,21000000.0,0.0,12192000000.0,1533000000.0,10659000000.0,10723299817.0,26000000.0,-197000000.0,-87000000.0,606000000.0,-239000000.0,290000000.0,-1459000000.0,5000000.0,1195000000.0,0.0,476000000.0,476000000.0,476000000.0,0.0,0.0,0.151,437000000.0,1318000000.0,126000000.0,0.5,2.124,22.528,22.462,13933000000.0,0.0,59.75,3.395,3.386,522000000.0,-1073000000.0,3159000000.0,3159000000.0,0.0,0.028,0.094,0.065,0.422,0.0,0.0,1.0,179469453.0,179000000,180000000.0,17.648,15939000000.0,0.0,549000000.0,2360000000.0,89.045,-876000000.0
23,AWK,MRT,2015-09-30,2015-09-30,2015-09-30,2021-08-02,-79175000.0,17105173000.0,16534759000.0,879009000.0,16226164000.0,0.188,28.857,-1182974000.0,75224000.0,75224000.0,1369623000.0,470393000.0,0.754,2.311,6342582000.0,401967000.0,5940615000.0,6342582000.0,0.0,431950000.0,0.0,0.024,1.3,1318671000.0,1750621000.0,0.563,1750621000.0,1318671000.0,1014344000.0,2.63,2.6,2.63,5165452000.0,5031695000.0,5165452000.0,16099966456.0,12.0,9.197,-70236000.0,-0.392,1.0,1737427000.0,0.559,1312888000.0,304327000.0,20894256000.0,20104554250.0,37965000.0,32174000.0,23480000.0,8694000.0,11939721000.0,1165387000.0,10774334000.0,9928535456.0,836000.0,-178947000.0,-1446000.0,433363000.0,-233152000.0,225757000.0,-1337659000.0,33262000.0,1112738000.0,0.0,470393000.0,470393000.0,470393000.0,712000.0,0.0,0.151,429218000.0,1308209000.0,281291000.0,0.494,1.922,21.107,20.943,13605510000.0,0.0,55.08,3.195,3.173,594670000.0,-1049665000.0,3107050000.0,3107050000.0,0.0,0.028,0.093,0.066,0.424,0.0,0.0,1.0,180256635.0,179000000,180000000.0,17.358,15792285000.0,115889000.0,543951000.0,2446193000.0,88.225,-286378000.0
24,AWK,MRT,2015-06-30,2015-06-30,2015-06-30,2021-08-02,-80053000.0,16732332000.0,16187377500.0,890085000.0,15842247000.0,0.189,28.074,-1126518000.0,144752000.0,144752000.0,1346971000.0,448578000.0,0.589,2.311,6316183000.0,882944000.0,5433239000.0,6316183000.0,0.0,428060000.0,0.0,0.026,1.27,1290313000.0,1718373000.0,0.562,1718373000.0,1290313000.0,987541000.0,2.51,2.49,2.51,5053390000.0,4970245000.0,5053390000.0,14761850391.0,11.0,8.591,-62133000.0,-0.345,1.0,1710248000.0,0.559,1209841000.0,302772000.0,20181734000.0,19702172000.0,38332000.0,29561000.0,20838000.0,8723000.0,11678942000.0,1512188000.0,10166754000.0,8751563391.0,112831000.0,-47131000.0,8831000.0,379434000.0,-227610000.0,191272000.0,-1142826000.0,34000000.0,1064385000.0,0.0,448578000.0,448578000.0,448578000.0,5135000.0,0.0,0.147,424947000.0,1285301000.0,283570000.0,0.506,1.732,19.51,19.375,13357981000.0,0.0,48.63,2.863,2.863,511024000.0,-1162346000.0,3057219000.0,3057219000.0,0.0,0.028,0.09,0.065,0.422,0.0,0.0,1.0,179962233.0,180000000,180000000.0,16.985,15522491000.0,133634000.0,538963000.0,2349549000.0,86.236,-622103000.0
25,AWK,MRT,2015-03-31,2015-03-31,2015-03-31,2021-08-02,-81503000.0,16263531000.0,15860906250.0,729019000.0,15534512000.0,0.191,27.894,-1071317000.0,24294000.0,24294000.0,1348820000.0,434877000.0,0.594,2.257,6034581000.0,605680000.0,5428901000.0,6034581000.0,0.0,424922000.0,0.0,0.023,1.24,1262411000.0,1687333000.0,0.557,1687333000.0,1262411000.0,961971000.0,2.43,2.42,2.43,4992938000.0,4925179000.0,4992938000.0,15667050554.0,12.0,9.285,-21191000.0,-0.118,1.0,1681177000.0,0.555,1208043000.0,300440000.0,19838227000.0,19378326000.0,38622000.0,29823000.0,21027000.0,8796000.0,11270593000.0,1227548000.0,10043045000.0,9746295554.0,-6791000.0,-6721000.0,18801000.0,161272000.0,-222032000.0,-2117000.0,-1054800000.0,30238000.0,1050126000.0,0.0,434877000.0,434877000.0,434877000.0,6010000.0,0.0,0.144,422287000.0,1258890000.0,203409000.0,0.51,1.952,22.412,22.309,13098567000.0,0.0,54.21,3.217,3.203,453830000.0,-1224008000.0,3029997000.0,3029997000.0,0.0,0.027,0.088,0.065,0.417,-2711000.0,0.0,1.0,179787780.0,179000000,180000000.0,16.927,15055488000.0,127853000.0,527094000.0,2280071000.0,84.109,-498529000.0
26,AWK,MRT,2014-12-31,2014-12-31,2014-12-31,2021-08-02,-82000000.0,16038000000.0,15613728750.0,575000000.0,15463000000.0,0.193,27.458,-1034000000.0,23000000.0,23000000.0,1350000000.0,423000000.0,0.463,2.263,5938000000.0,511000000.0,5427000000.0,5938000000.0,0.0,424000000.0,0.0,0.023,1.21,1238000000.0,1662000000.0,0.552,1662000000.0,1238000000.0,939000000.0,2.36,2.35,2.36,4915000000.0,4877216250.0,4915000000.0,15393252098.0,12.0,9.262,63000000.0,0.352,1.0,1661000000.0,0.552,1208000000.0,299000000.0,19504000000.0,19093793750.0,37000000.0,14000000.0,14000000.0,0.0,11123000000.0,1241000000.0,9882000000.0,9557172098.0,-4000000.0,-9000000.0,21000000.0,76000000.0,-216000000.0,-87000000.0,-1014000000.0,29000000.0,1097000000.0,0.0,423000000.0,423000000.0,423000000.0,7000000.0,0.0,0.14,422000000.0,1239000000.0,100000000.0,0.513,1.944,22.594,22.585,13029000000.0,0.0,53.3,3.174,3.169,453000000.0,-1296000000.0,3011000000.0,3011000000.0,0.0,0.027,0.087,0.065,0.411,0.0,0.0,1.0,179309045.0,179000000,180000000.0,16.821,14830000000.0,0.0,516000000.0,2084000000.0,82.849,-666000000.0
27,AWK,MRT,2014-09-30,2014-09-30,2014-09-30,2021-08-02,-35942000.0,15715647000.0,15376264250.0,756961000.0,14958686000.0,0.194,27.485,-1047161000.0,74128000.0,74128000.0,1330524000.0,389036000.0,0.715,2.194,5910208000.0,369560000.0,5540648000.0,5910208000.0,0.0,423048000.0,0.0,0.024,1.18,1188384000.0,1611432000.0,0.54,1611432000.0,1188384000.0,890971000.0,2.18,2.17,2.18,4919652000.0,4830417250.0,4919652000.0,14543231170.0,12.0,9.025,425000.0,0.002,1.0,1655732000.0,0.554,1208065000.0,297413000.0,19284727000.0,18836604500.0,37203000.0,37283000.0,20040000.0,17243000.0,10795995000.0,1058935000.0,9737060000.0,8640352170.0,42143000.0,-13499000.0,21658000.0,197725000.0,-210294000.0,49531000.0,-1054974000.0,5399000.0,1047586000.0,0.0,389036000.0,389036000.0,389036000.0,8136000.0,0.0,0.13,422252000.0,1233480000.0,260713000.0,0.541,1.756,22.21,22.124,12799358000.0,0.0,48.23,2.893,2.891,476731000.0,-1333164000.0,2986256000.0,2986256000.0,0.0,0.025,0.081,0.063,0.398,-8916000.0,0.0,1.0,179148915.0,178992000,179948000.0,16.684,14507582000.0,113859000.0,501935000.0,2190806000.0,81.052,-301974000.0
28,AWK,MRT,2014-06-30,2014-06-30,2014-06-30,2021-08-02,-34671000.0,15426447000.0,15254464000.0,707635000.0,14718812000.0,0.194,27.245,-1017806000.0,32133000.0,32133000.0,1326850000.0,387516000.0,0.573,2.166,5935012000.0,717468000.0,5217544000.0,5935012000.0,0.0,417925000.0,0.0,0.023,1.15,1177257000.0,1595182000.0,0.538,1595182000.0,1177257000.0,877900000.0,2.18,2.16,2.18,4873126000.0,4758737250.0,4873126000.0,14683516160.0,12.0,9.205,38612000.0,0.216,1.0,1635427000.0,0.552,1208065000.0,299357000.0,18886350000.0,18646410500.0,36845000.0,41184000.0,21537000.0,19647000.0,10553321000.0,1234911000.0,9318410000.0,8852475160.0,12236000.0,-22267000.0,23389000.0,139420000.0,-204646000.0,-12395000.0,-1031787000.0,11109000.0,1056418000.0,0.0,387516000.0,387516000.0,387516000.0,2957000.0,0.0,0.131,418786000.0,1216641000.0,192441000.0,0.528,1.817,22.844,22.683,12582511000.0,0.0,49.45,2.988,2.986,464493000.0,-1374174000.0,2962277000.0,2962277000.0,0.0,0.025,0.081,0.063,0.397,-6462000.0,0.0,1.0,179018709.0,178863000,179693000.0,16.562,14218382000.0,125434000.0,490384000.0,2090773000.0,79.493,-527276000.0
29,AWK,MRT,2014-03-31,2014-03-31,2014-03-31,2021-08-02,-35151000.0,15274821000.0,15142196500.0,687994000.0,14586827000.0,0.194,26.891,-1024156000.0,30755000.0,30755000.0,1312321000.0,379480000.0,0.574,2.182,5861796000.0,653128000.0,5208668000.0,5861796000.0,0.0,413429000.0,0.0,0.025,1.12,1168441000.0,1581870000.0,0.54,1581870000.0,1168441000.0,864995000.0,2.14,2.12,2.14,4801087000.0,4683487250.0,4801087000.0,13944406900.0,12.0,8.815,-32907000.0,-0.184,1.0,1619443000.0,0.552,1208065000.0,303446000.0,18700098000.0,18540167250.0,35242000.0,29497000.0,28585000.0,912000.0,10473734000.0,1197699000.0,9276035000.0,8114008900.0,10043000.0,-23443000.0,26058000.0,206941000.0,-198968000.0,49284000.0,-1030490000.0,17109000.0,991249000.0,0.0,379480000.0,379480000.0,379480000.0,2082000.0,0.0,0.129,414698000.0,1204745000.0,183839000.0,0.523,1.69,21.382,21.215,12469981000.0,0.0,45.4,2.768,2.765,416875000.0,-1427809000.0,2931764000.0,2931764000.0,0.0,0.025,0.081,0.063,0.399,669000.0,0.0,1.0,178722663.0,178539000,179457000.0,16.421,14066756000.0,144933000.0,485515000.0,2077861000.0,78.788,-509705000.0
30,AWK,MRT,2013-12-31,2013-12-31,2013-12-31,2021-08-02,-34635000.0,15088142000.0,15015795250.0,571807000.0,14516335000.0,0.192,26.561,-1045000000.0,26964000.0,26964000.0,1289000000.0,369000000.0,0.463,2.191,5857362000.0,644481000.0,5212881000.0,5857362000.0,0.0,407000000.0,0.0,0.02,0.84,1148000000.0,1555000000.0,0.54,1555000000.0,1148000000.0,840000000.0,2.08,2.06,2.08,4727804000.0,4610201000.0,4727804000.0,13178586565.0,11.0,8.475,-149000000.0,-0.837,1.0,1590000000.0,0.552,1207764000.0,308000000.0,18475243000.0,18419441500.0,32973000.0,29259000.0,28505000.0,754000.0,10360338000.0,1235533000.0,9124805000.0,7533867565.0,3000000.0,-24000000.0,26000000.0,264000000.0,-149000000.0,160000000.0,-1053000000.0,16000000.0,896000000.0,0.0,369000000.0,369000000.0,369000000.0,2000000.0,0.0,0.128,408000000.0,1182000000.0,264115000.0,0.404,1.594,20.417,20.317,12388354000.0,0.0,42.26,2.617,2.613,423828000.0,-1495698000.0,2879000000.0,2879000000.0,0.0,0.025,0.08,0.062,0.399,0.0,0.0,1.0,178274197.0,178000000,179000000.0,16.174,13880378000.0,23500000.0,471000000.0,1899271000.0,77.98,-663726000.0
31,AWK,MRT,2013-09-30,2013-09-30,2013-09-30,2021-08-02,-109901000.0,15228446000.0,14923503750.0,613220000.0,14615226000.0,0.19,26.033,-980577000.0,32454000.0,32454000.0,1309990000.0,365049000.0,0.537,2.287,5677173000.0,503096000.0,5174077000.0,5677173000.0,0.0,403853000.0,0.0,0.026,1.06,1140513000.0,1544366000.0,0.544,1544366000.0,1140513000.0,832459000.0,2.05,2.04,2.05,4632932000.0,4539067000.0,4632932000.0,13087001410.0,11.0,8.474,-71317000.0,-0.401,1.0,1530552000.0,0.539,1207741000.0,308054000.0,18523951000.0,18317849250.0,35053000.0,26183000.0,25429000.0,754000.0,10595514000.0,1141473000.0,9454041000.0,7346359410.0,13923000.0,-16781000.0,25586000.0,162700000.0,-187990000.0,21030000.0,-916367000.0,81278000.0,909260000.0,0.0,365049000.0,365049000.0,365049000.0,-2658000.0,0.0,0.129,403639000.0,1126913000.0,209768000.0,0.517,1.586,20.124,20.137,12112567000.0,0.0,41.28,2.586,2.586,466412000.0,-1505191000.0,2840542000.0,2840542000.0,0.0,0.024,0.08,0.062,0.402,11837000.0,0.0,1.0,177964133.0,177965000,179154000.0,15.961,14020705000.0,15107000.0,467410000.0,1817381000.0,78.783,-528253000.0
32,AWK,MRT,2013-06-30,2013-06-30,2013-06-30,2021-08-02,-112468000.0,14977377000.0,14766276000.0,545840000.0,14431537000.0,0.193,25.727,-944417000.0,20366000.0,20366000.0,1327442000.0,368196000.0,0.52,2.276,5761008000.0,580326000.0,5180682000.0,5761008000.0,0.0,398085000.0,0.0,0.025,1.03,1140200000.0,1538285000.0,0.54,1538285000.0,1140200000.0,832919000.0,2.07,2.06,2.07,4572126000.0,4492739000.0,4572126000.0,12940067161.0,11.0,8.412,-15493000.0,-0.087,1.0,1522725000.0,0.534,1207336000.0,307281000.0,18461377000.0,18158093250.0,33819000.0,32631000.0,19720000.0,12911000.0,10405251000.0,1049306000.0,9355945000.0,7326595161.0,7447000.0,-4869000.0,30046000.0,79700000.0,-182260000.0,-50065000.0,-871412000.0,77874000.0,928924000.0,0.0,368196000.0,368196000.0,368196000.0,-1603000.0,0.0,0.129,396564000.0,1126161000.0,178418000.0,0.498,1.602,19.899,19.918,11927870000.0,0.0,41.23,2.571,2.571,431028000.0,-1555993000.0,2850167000.0,2850167000.0,0.0,0.025,0.082,0.063,0.4,12669000.0,0.0,1.0,177700586.0,177716000,178910000.0,16.038,13770041000.0,9822000.0,464723000.0,1704285000.0,77.483,-503466000.0
33,AWK,MRT,2013-03-31,2013-03-31,2013-03-31,2021-08-02,-114286000.0,14769216000.0,14625122000.0,491850000.0,14277366000.0,0.196,25.422,-964909000.0,21181000.0,21181000.0,1331699000.0,373959000.0,0.513,2.276,5634653000.0,449710000.0,5184943000.0,5634653000.0,0.0,389048000.0,0.0,0.024,0.98,1159558000.0,1548606000.0,0.539,1548606000.0,1159558000.0,850304000.0,2.11,2.09,2.11,4507942000.0,4430064500.0,4507942000.0,12903838880.0,11.0,8.333,-7785000.0,-0.044,1.0,1539810000.0,0.536,1207161000.0,309254000.0,18217195000.0,18007674000.0,31150000.0,38869000.0,31623000.0,7246000.0,10259554000.0,958332000.0,9301222000.0,7351858880.0,11679000.0,-47292000.0,26367000.0,13372000.0,-173045000.0,-105774000.0,-839671000.0,172530000.0,957124000.0,0.0,373959000.0,373959000.0,373959000.0,8034000.0,0.0,0.13,387428000.0,1152382000.0,166723000.0,0.464,1.631,19.66,19.64,11792935000.0,0.0,41.44,2.56,2.559,353593000.0,-1607321000.0,2871509000.0,2871509000.0,0.0,0.026,0.084,0.064,0.404,11244000.0,0.0,1.0,177409722.0,177327000,178465000.0,16.193,13562055000.0,13137000.0,476345000.0,1597093000.0,76.48,-466482000.0
34,AWK,MRT,2012-12-31,2012-12-31,2012-12-31,2021-08-02,-116191000.0,14718976000.0,14454752750.0,499447000.0,14219529000.0,0.197,25.182,-985675000.0,24433000.0,24433000.0,1329500000.0,358070000.0,0.502,2.312,5576413000.0,385904000.0,5190509000.0,5576413000.0,0.0,381503000.0,0.0,0.033,1.21,1146409000.0,1527912000.0,0.535,1527912000.0,1146409000.0,835615000.0,2.03,2.01,2.03,4443268000.0,4365801250.0,4443268000.0,12061817613.0,11.0,7.894,-30077000.0,-0.17,1.0,1524426000.0,0.534,1207250000.0,310794000.0,18068874000.0,17870208000.0,29772000.0,40547000.0,29756000.0,10791000.0,10273988000.0,994832000.0,9279156000.0,6562979613.0,10226000.0,-44560000.0,27860000.0,-409793000.0,-213459000.0,-563016000.0,-382356000.0,647879000.0,955598000.0,0.0,358070000.0,358070000.0,358070000.0,15532000.0,0.0,0.125,379564000.0,1144862000.0,279613000.0,0.596,1.477,18.329,18.291,11739364000.0,0.0,37.13,2.3,2.296,375409000.0,-1664955000.0,2853926000.0,2853926000.0,0.0,0.025,0.082,0.064,0.402,11470000.0,0.0,1.0,176756790.0,176445000,177671000.0,16.175,13511726000.0,9594000.0,477545000.0,1608977000.0,76.578,-495385000.0
35,AWK,MRT,2012-09-30,2012-09-30,2012-09-30,2021-08-02,-91507000.0,14599535000.0,14469106500.0,642525000.0,13957010000.0,0.196,25.182,-1036100000.0,18531000.0,18531000.0,1316184000.0,367440000.0,0.639,2.282,5517369000.0,332823000.0,5184546000.0,5517369000.0,0.0,369930000.0,0.0,0.025,0.94,1155545000.0,1525475000.0,0.538,1525475000.0,1155545000.0,840352000.0,2.09,2.06,2.09,4447620000.0,4313943500.0,4447620000.0,12210971652.0,11.0,8.005,-68773000.0,-0.389,1.0,1519571000.0,0.536,1207572000.0,315193000.0,17884927000.0,17843455750.0,31925000.0,108842000.0,87705000.0,21137000.0,10150195000.0,1005874000.0,9144321000.0,6538496652.0,2910000.0,-45172000.0,25565000.0,-360047000.0,-165415000.0,-472665000.0,-491752000.0,589520000.0,967327000.0,0.0,367440000.0,367440000.0,367440000.0,13504000.0,0.0,0.13,369619000.0,1149952000.0,202283000.0,0.45,1.47,17.795,17.732,11534327000.0,0.0,37.06,2.306,2.308,415661000.0,-1675678000.0,2835755000.0,2835755000.0,0.0,0.025,0.085,0.065,0.407,18557000.0,0.0,1.0,176430023.0,176621000,177841000.0,16.056,13391963000.0,7815000.0,472912000.0,1606699000.0,75.823,-363349000.0
36,AWK,MRT,2012-06-30,2012-06-30,2012-06-30,2021-08-02,-93890000.0,14412761000.0,14453906000.0,606374000.0,13806387000.0,0.191,24.507,-1063096000.0,12919000.0,12919000.0,1301397000.0,351050000.0,0.596,2.334,5685394000.0,482261000.0,5203133000.0,5685394000.0,0.0,362034000.0,0.0,0.027,0.92,1118155000.0,1480189000.0,0.535,1480189000.0,1118155000.0,801016000.0,2.0,1.98,2.0,4321428000.0,4266699250.0,4321428000.0,11559045450.0,10.0,7.809,-200264000.0,-1.136,1.0,1463412000.0,0.529,1207572000.0,317139000.0,17859700000.0,17803990500.0,31712000.0,111801000.0,98698000.0,13103000.0,10086786000.0,1017964000.0,9068822000.0,6040695450.0,-547000.0,-46744000.0,17608000.0,-239322000.0,-161693000.0,-356076000.0,-507303000.0,602537000.0,862832000.0,0.0,351050000.0,351050000.0,351050000.0,4278000.0,0.0,0.127,360119000.0,1103293000.0,183908000.0,0.46,1.398,17.208,17.14,11387311000.0,0.0,34.28,2.185,2.186,399644000.0,-1785039000.0,2764809000.0,2764809000.0,0.0,0.024,0.082,0.063,0.404,15271000.0,0.0,1.0,176216320.0,176331000,177491000.0,15.68,13205189000.0,5822000.0,449966000.0,1501991000.0,74.889,-411590000.0
37,AWK,MRT,2012-03-31,2012-03-31,2012-03-31,2021-08-02,-95549000.0,14087739000.0,14437519750.0,589109000.0,13498630000.0,0.186,24.165,-1037277000.0,9502000.0,9502000.0,1300977000.0,325134000.0,0.792,2.313,5527852000.0,177338000.0,5350514000.0,5527852000.0,0.0,357047000.0,0.0,0.027,0.91,1059312000.0,1416359000.0,0.527,1416359000.0,1059312000.0,743434000.0,1.85,1.84,1.85,4250889000.0,4225822250.0,4250889000.0,11849301730.0,11.0,8.366,-242347000.0,-1.378,1.0,1387098000.0,0.516,1195069000.0,315878000.0,17667331000.0,17746959750.0,30355000.0,45314000.0,27418000.0,17896000.0,9832303000.0,743689000.0,9088614000.0,5979653730.0,-4026000.0,-5879000.0,16806000.0,-164101000.0,-159744000.0,-282352000.0,-516604000.0,526552000.0,794930000.0,0.0,325134000.0,325134000.0,325134000.0,-11652000.0,0.0,0.121,355373000.0,1031725000.0,162414000.0,0.492,1.407,18.391,18.395,11139499000.0,0.0,34.03,2.225,2.227,318908000.0,-1847750000.0,2688075000.0,2688075000.0,0.0,0.023,0.077,0.06,0.394,12276000.0,0.0,1.0,175717124.0,175914000,177028000.0,15.281,12892670000.0,2625000.0,418300000.0,1420515000.0,73.29,-154580000.0
38,AWK,MRT,2011-12-31,2011-12-31,2011-12-31,2021-08-02,-97677000.0,14776391000.0,14447786750.0,1397659000.0,13378732000.0,0.185,24.138,-977992000.0,14207000.0,14207000.0,1301794000.0,309613000.0,0.939,2.487,5883855000.0,543908000.0,5339947000.0,5883855000.0,0.0,351821000.0,0.0,0.028,0.9,1031257000.0,1383078000.0,0.519,1383078000.0,1031257000.0,718842000.0,1.76,1.75,1.76,4235837000.0,4199626750.0,4235837000.0,11355804661.0,11.0,8.211,-169635000.0,-0.967,1.0,1364442000.0,0.512,1195069000.0,312415000.0,17961865000.0,17698664250.0,28598000.0,57941000.0,32438000.0,25503000.0,10536007000.0,1489105000.0,9046902000.0,5591947661.0,1095000.0,-7220000.0,13866000.0,228075000.0,-157855000.0,105135000.0,-912397000.0,72815000.0,808357000.0,0.0,309613000.0,309613000.0,309613000.0,-4684000.0,0.0,0.116,350828000.0,1013614000.0,243709000.0,0.511,1.32,18.061,18.102,11021098000.0,0.0,31.86,2.097,2.097,366828000.0,-1848801000.0,2666236000.0,2666236000.0,0.0,0.021,0.074,0.058,0.387,10008000.0,0.0,1.0,175516248.0,175484000,176531000.0,15.194,13581322000.0,7672000.0,409229000.0,1307869000.0,77.394,-91446000.0
39,AWK,MRT,2011-09-30,2011-09-30,2011-09-30,2021-08-02,-68555000.0,14538733000.0,14275250500.0,1479461000.0,13059272000.0,0.185,24.259,-919826000.0,15621000.0,15621000.0,1308479000.0,284919000.0,1.072,2.413,5779478000.0,417947000.0,5361531000.0,5779478000.0,0.0,346048000.0,0.0,0.029,0.89,1002474000.0,1348522000.0,0.511,1348522000.0,1002474000.0,686943000.0,1.62,1.62,1.62,4258643000.0,4172598750.0,4258643000.0,11102467049.0,11.0,8.233,-155876000.0,-0.888,1.0,1331130000.0,0.504,1195510000.0,315531000.0,17727066000.0,17565677250.0,30491000.0,66593000.0,46864000.0,19729000.0,10275543000.0,1380014000.0,8895529000.0,5294950049.0,-7880000.0,-6353000.0,13251000.0,199636000.0,-155939000.0,74962000.0,-846792000.0,79387000.0,763950000.0,0.0,284919000.0,284919000.0,284919000.0,-2397000.0,0.0,0.108,344654000.0,986476000.0,190556000.0,0.549,1.243,18.584,18.63,10787844000.0,0.0,30.18,2.006,2.007,372045000.0,-1848338000.0,2639609000.0,2639609000.0,0.0,0.02,0.068,0.057,0.38,10334000.0,0.0,1.0,175445661.0,175547000,176593000.0,15.036,13343223000.0,134000.0,402024000.0,1313329000.0,76.009,99447000.0
40,AWK,MRT,2011-06-30,2011-06-30,2011-06-30,2021-08-02,-68696000.0,14347216000.0,14136486000.0,1493214000.0,12854002000.0,0.186,23.696,-880786000.0,13466000.0,13466000.0,1314320000.0,271611000.0,1.125,2.449,5820983000.0,458379000.0,5362604000.0,5820983000.0,0.0,341730000.0,0.0,0.03,0.88,982135000.0,1323865000.0,0.504,1323865000.0,982135000.0,670598000.0,1.55,1.55,1.55,4157920000.0,4140739500.0,4157920000.0,10848687323.0,11.0,8.195,-140966000.0,-0.803,1.0,1313373000.0,0.5,1195510000.0,311537000.0,17631577000.0,17525268500.0,31414000.0,82267000.0,65055000.0,17212000.0,10184749000.0,1327646000.0,8857103000.0,5164238323.0,-7144000.0,-4839000.0,13698000.0,166423000.0,-154038000.0,43978000.0,-790942000.0,94683000.0,739820000.0,0.0,271611000.0,271611000.0,271611000.0,1773000.0,0.0,0.103,342182000.0,971191000.0,159024000.0,0.568,1.242,19.013,19.0,10599942000.0,0.0,29.45,1.965,1.967,367694000.0,-1945185000.0,2627693000.0,2627693000.0,0.0,0.019,0.066,0.056,0.374,10334000.0,0.0,1.0,175356140.0,175469000,176419000.0,14.975,13151706000.0,3443000.0,398987000.0,1241527000.0,74.952,165568000.0
41,AWK,MRT,2011-03-31,2011-03-31,2011-03-31,2021-08-02,-69958000.0,14128807000.0,13993061000.0,1305539000.0,12823268000.0,0.185,23.657,-845747000.0,13528000.0,13528000.0,1301179000.0,263252000.0,1.15,2.407,5697977000.0,335652000.0,5362325000.0,5697977000.0,0.0,335086000.0,0.0,0.031,0.87,966992000.0,1302078000.0,0.502,1302078000.0,966992000.0,655480000.0,1.51,1.51,1.51,4146107000.0,4111089250.0,4146107000.0,10586303156.0,11.0,8.13,-85278000.0,-0.487,1.0,1292551000.0,0.498,1204227000.0,311512000.0,17474149000.0,17458316500.0,30606000.0,100677000.0,80443000.0,20234000.0,9978153000.0,1134880000.0,8843273000.0,4914685156.0,895000.0,-2559000.0,12604000.0,140013000.0,-152147000.0,15575000.0,-775149000.0,73157000.0,760469000.0,0.0,263252000.0,263252000.0,263252000.0,3336000.0,0.0,0.101,336533000.0,956018000.0,132725000.0,0.576,1.185,18.669,18.576,10555698000.0,0.0,28.05,1.895,1.895,312192000.0,-1950571000.0,2593730000.0,2593730000.0,0.0,0.019,0.064,0.055,0.373,10334000.0,0.0,1.0,175211592.0,175259000,176048000.0,14.799,12924580000.0,5680000.0,392228000.0,1232311000.0,73.746,170659000.0
42,AWK,MRT,2010-12-31,2010-12-31,2010-12-31,2021-08-02,-71446000.0,14086246000.0,13845999750.0,1457775000.0,12628471000.0,0.185,23.61,-809331000.0,13112000.0,13112000.0,1290941000.0,267827000.0,1.317,2.411,5659132000.0,264997000.0,5394135000.0,5659132000.0,0.0,330264000.0,0.0,0.034,0.86,961541000.0,1291805000.0,0.506,1291805000.0,961541000.0,647776000.0,1.53,1.53,1.53,4127725000.0,4074298500.0,4127725000.0,9996414570.0,10.0,7.738,-34398000.0,-0.197,1.0,1264094000.0,0.495,1195585000.0,313765000.0,17429917000.0,17356853750.0,27743000.0,120784000.0,94066000.0,26718000.0,9953974000.0,1106764000.0,8847210000.0,4422542570.0,-9144000.0,-1642000.0,6711000.0,99442000.0,-150301000.0,-37334000.0,-746743000.0,64230000.0,774933000.0,0.0,267827000.0,267827000.0,267827000.0,-12755000.0,0.0,0.105,330375000.0,933719000.0,188343000.0,0.562,1.071,16.513,16.529,10381640000.0,0.0,25.29,1.731,1.731,332738000.0,-1959235000.0,2555035000.0,2555035000.0,0.0,0.019,0.066,0.055,0.376,10334000.0,0.0,1.0,174873174.0,174833000,175124000.0,14.614,12890661000.0,6473000.0,379949000.0,1178158000.0,73.731,351011000.0
43,AWK,MRT,2010-09-30,2010-09-30,2010-09-30,2021-08-02,-61086000.0,13983675000.0,13687601000.0,627399000.0,13356276000.0,0.175,23.626,-752464000.0,23501000.0,23501000.0,1162353000.0,264044000.0,0.846,2.384,5597373000.0,225825000.0,5371548000.0,5597373000.0,0.0,339694000.0,0.0,0.037,0.85,921714000.0,1261408000.0,0.526,1261408000.0,921714000.0,613174000.0,1.54,1.54,1.54,4131206000.0,4042582000.0,4131206000.0,9661424034.0,10.0,7.659,-40832000.0,-0.234,1.0,1235852000.0,0.515,1250692000.0,308540000.0,17565431000.0,17257966250.0,31345000.0,126304000.0,99974000.0,26330000.0,9847922000.0,741424000.0,9106498000.0,4067042034.0,15670000.0,-19164000.0,4329000.0,118944000.0,-148492000.0,-12610000.0,-683352000.0,88276000.0,711632000.0,0.0,264044000.0,264044000.0,264044000.0,2470000.0,0.0,0.11,319574000.0,916278000.0,166388000.0,0.552,0.984,15.403,15.11,11013347000.0,0.0,23.27,1.696,1.697,412770000.0,-1960806000.0,2398205000.0,2398205000.0,0.0,0.019,0.065,0.053,0.384,7602000.0,0.0,1.0,174776194.0,174859000,175062000.0,13.715,12732983000.0,6394000.0,349130000.0,1138710000.0,72.819,-114025000.0
44,AWK,MRT,2010-06-30,2010-06-30,2010-06-30,2021-08-02,-62546000.0,13773516000.0,13528109500.0,590113000.0,13183403000.0,0.172,23.112,-746444000.0,20610000.0,20610000.0,1157035000.0,231566000.0,0.783,2.409,5614992000.0,309825000.0,5305167000.0,5614992000.0,0.0,330543000.0,0.0,0.041,0.84,861784000.0,1192327000.0,0.512,1192327000.0,861784000.0,553688000.0,1.35,1.35,1.35,4039319000.0,4006593500.0,4039319000.0,9038123058.0,10.0,7.58,-81487000.0,-0.466,1.0,1172173000.0,0.503,1250692000.0,308096000.0,17363769000.0,17070551250.0,29908000.0,97610000.0,93705000.0,3905000.0,9729650000.0,753437000.0,8976213000.0,3598881058.0,11598000.0,-19716000.0,2944000.0,152802000.0,-146693000.0,24373000.0,-677732000.0,88428000.0,664957000.0,0.0,231566000.0,231566000.0,231566000.0,7227000.0,0.0,0.099,309428000.0,862745000.0,147573000.0,0.622,0.891,15.541,15.259,10872323000.0,0.0,20.6,1.545,1.546,384609000.0,-2046326000.0,2329208000.0,2329208000.0,0.0,0.017,0.058,0.05,0.37,7602000.0,0.0,1.0,174702964.0,174774000,174850000.0,13.327,12522824000.0,4073000.0,322122000.0,1055682000.0,71.652,-163324000.0
45,AWK,MRT,2010-03-31,2010-03-31,2010-03-31,2021-08-02,-63203000.0,13540562000.0,13382242750.0,497228000.0,13043334000.0,0.172,22.888,-762548000.0,12633000.0,12633000.0,1173616000.0,210804000.0,0.752,2.385,5451875000.0,194920000.0,5256955000.0,5451875000.0,0.0,323087000.0,0.0,0.038,0.83,824643000.0,1147730000.0,0.497,1147730000.0,824643000.0,521303000.0,1.25,1.25,1.25,3998944000.0,3978815250.0,3998944000.0,9240308766.0,11.0,8.051,-132901000.0,-0.761,1.0,1133422000.0,0.491,1250417000.0,303340000.0,17068298000.0,16851159750.0,30089000.0,49981000.0,40273000.0,9708000.0,9537071000.0,661089000.0,8875982000.0,3800819766.0,4117000.0,-18672000.0,244665000.0,-104350000.0,-141938000.0,13582000.0,-639112000.0,142108000.0,629647000.0,0.0,210804000.0,210804000.0,210804000.0,11957000.0,0.0,0.091,300959000.0,832463000.0,116843000.0,0.664,0.95,18.03,17.408,10742417000.0,0.0,21.76,1.647,1.648,318505000.0,-2082263000.0,2307038000.0,2307038000.0,0.0,0.016,0.053,0.049,0.357,7602000.0,0.0,1.0,174670026.0,174720000,174796000.0,13.204,12290145000.0,32564000.0,310499000.0,1024614000.0,70.342,-163861000.0
46,AWK,MRT,2009-12-31,2009-12-31,2009-12-31,2021-08-02,-64677000.0,13452651000.0,13223913250.0,499127000.0,12953524000.0,0.173,23.791,-815165000.0,22256000.0,22256000.0,1182376000.0,-233083000.0,0.822,2.361,5461745000.0,173565000.0,5288180000.0,5461745000.0,0.0,309874000.0,0.0,0.037,0.82,363952000.0,673826000.0,0.294,673826000.0,363952000.0,67329000.0,-1.39,-1.39,-1.39,4000859000.0,3894164500.0,4000859000.0,9233553395.0,25.0,13.703,-219009000.0,-1.302,1.0,1108070000.0,0.484,1250381000.0,296623000.0,17034367000.0,16545854750.0,29521000.0,61232000.0,41020000.0,20212000.0,9447235000.0,607392000.0,8839843000.0,3912793395.0,12714000.0,-18144000.0,244390000.0,-7883000.0,-137331000.0,120169000.0,-703611000.0,130948000.0,596156000.0,0.0,-233083000.0,-233083000.0,-233083000.0,13085000.0,0.0,-0.102,737615000.0,370455000.0,138609000.0,-0.59,0.978,-16.787,-16.122,10677393000.0,0.0,22.41,1.708,1.645,335730000.0,-2076287000.0,2290446000.0,2290446000.0,0.0,-0.018,-0.06,0.022,0.159,7602000.0,0.0,1.0,174600330.0,168164000,168164000.0,13.62,12202270000.0,17920000.0,300412000.0,929819000.0,72.562,-108265000.0
47,AWK,MRT,2009-09-30,2009-09-30,2009-09-30,2021-08-02,-76344000.0,13345709000.0,13168705000.0,516471000.0,12829238000.0,0.183,22.837,-914811000.0,7831000.0,7831000.0,1264081000.0,-233047000.0,0.86,2.346,5328591000.0,130881000.0,5197710000.0,5328591000.0,0.0,330116000.0,0.0,0.041,0.81,385148000.0,715264000.0,0.297,715264000.0,385148000.0,92920000.0,-1.52,-1.52,-1.52,3987252000.0,3919450000.0,3987252000.0,8819780441.0,23.0,12.331,-284004000.0,-1.627,1.0,1147336000.0,0.476,1250067000.0,292228000.0,16815771000.0,16211486500.0,30835000.0,74820000.0,38933000.0,35887000.0,9353900000.0,600631000.0,8753269000.0,3480772441.0,1142000.0,-5141000.0,244720000.0,81641000.0,-132727000.0,206639000.0,-836304000.0,87515000.0,630807000.0,0.0,-233047000.0,-233047000.0,-233047000.0,0.0,0.0,-0.097,779179000.0,368157000.0,119271000.0,-0.533,0.873,-14.936,-13.118,10532131000.0,0.0,19.94,1.443,1.444,369892000.0,-2075920000.0,2411417000.0,2411417000.0,0.0,-0.018,-0.059,0.024,0.16,4534000.0,0.0,1.0,174562309.0,174595000,174691000.0,13.811,12095642000.0,12650000.0,325967000.0,911815000.0,69.278,-84160000.0
48,AWK,MRT,2009-06-30,2009-06-30,2009-06-30,2021-08-02,-78357000.0,13190049000.0,13027460750.0,495705000.0,12694344000.0,0.185,24.066,-1015878000.0,9012000.0,9012000.0,1265445000.0,-236525000.0,0.625,2.357,5348020000.0,366108000.0,4981912000.0,5348020000.0,0.0,323638000.0,0.0,0.042,0.8,386375000.0,710013000.0,0.295,710013000.0,386375000.0,95587000.0,-1.49,-1.49,-1.49,3928206000.0,3963226250.0,3928206000.0,8417076582.0,22.0,11.855,-376276000.0,-2.305,1.0,1138209000.0,0.474,1250067000.0,290788000.0,16486203000.0,15813735250.0,32869000.0,79423000.0,33007000.0,46416000.0,9257286000.0,792787000.0,8464499000.0,3058195582.0,3098000.0,-12264000.0,244147000.0,203696000.0,-128061000.0,326654000.0,-963158000.0,68851000.0,639602000.0,0.0,-236525000.0,-236525000.0,-236525000.0,0.0,0.0,-0.098,773942000.0,364267000.0,123116000.0,-0.537,0.779,-12.93,-12.826,10395692000.0,0.0,19.11,1.272,1.298,357694000.0,-2130833000.0,2403654000.0,2403654000.0,0.0,-0.018,-0.06,0.024,0.161,4534000.0,0.0,1.0,160031166.0,163229000,163301000.0,14.726,11939982000.0,4775000.0,332112000.0,851558000.0,73.149,-297082000.0
49,AWK,MRT,2009-03-31,2009-03-31,2009-03-31,2021-08-02,-81281000.0,12907244000.0,12861619000.0,420588000.0,12486656000.0,0.185,22.876,-1044657000.0,8516000.0,8516000.0,1265424000.0,-243016000.0,0.36,2.525,5367397000.0,707591000.0,4659806000.0,5367397000.0,0.0,317703000.0,0.0,0.031,0.6,370220000.0,687923000.0,0.289,687923000.0,370220000.0,83054000.0,-1.53,-1.53,-1.53,3660341000.0,4006900250.0,3660341000.0,8347746555.0,23.0,12.135,-435380000.0,-2.721,1.0,1114859000.0,0.468,1249839000.0,287166000.0,15847078000.0,15465451000.0,32811000.0,11079000.0,1446000.0,9633000.0,9242346000.0,1169208000.0,8073138000.0,3078393555.0,-686000.0,-12512000.0,246362000.0,268915000.0,-96127000.0,438280000.0,-1048243000.0,12793000.0,609277000.0,0.0,-243016000.0,-243016000.0,-243016000.0,0.0,0.0,-0.102,767197000.0,347662000.0,115066000.0,-0.392,0.841,-12.667,-12.575,10237317000.0,0.0,19.24,1.293,1.293,321258000.0,-2150745000.0,2380283000.0,2380283000.0,0.0,-0.019,-0.061,0.024,0.156,4534000.0,0.0,1.0,159999665.0,160011000,160011000.0,14.876,11657405000.0,0.0,326070000.0,824124000.0,72.854,-748620000.0
50,AWK,MRT,2008-12-31,2008-12-31,2008-12-31,2021-08-02,-82251000.0,13231818000.0,12701809000.0,417675000.0,12814143000.0,0.184,25.643,-1033599000.0,9542000.0,9542000.0,1262283000.0,-562421000.0,0.378,2.225,5278895000.0,654832000.0,4624063000.0,5278895000.0,0.0,312776000.0,0.0,0.019,0.4,33700000.0,346476000.0,0.148,346476000.0,33700000.0,-251455000.0,-3.52,-3.52,-3.52,4102001000.0,4044170750.0,4102001000.0,8426296663.0,250.0,24.32,-481430000.0,-3.01,1.0,1074645000.0,0.46,1699517000.0,285155000.0,15696894000.0,15198935500.0,28948000.0,11053000.0,454000.0,10599000.0,9125260000.0,1104760000.0,8020500000.0,3340462663.0,-3939000.0,-12512000.0,245836000.0,292929000.0,-64055000.0,477559000.0,-1033667000.0,15061000.0,552169000.0,0.0,-562421000.0,-562421000.0,-562421000.0,0.0,0.0,-0.241,1062402000.0,12243000.0,149795000.0,-0.114,0.814,-5.939,-5.932,10123928000.0,0.0,20.88,1.429,1.429,333635000.0,-1705594000.0,2336928000.0,2336928000.0,0.0,-0.044,-0.139,0.002,0.014,4534000.0,0.0,1.0,159983844.0,159967000,159967000.0,14.609,11532301000.0,0.0,310966000.0,792098000.0,72.092,-687085000.0
51,AWK,MRT,2008-09-30,2008-09-30,2008-09-30,2021-08-02,0.0,12780732000.0,12631686250.0,497224000.0,12283508000.0,0.184,26.023,-980248000.0,6689000.0,6689000.0,1320238000.0,-833400000.0,0.53,2.071,5092523000.0,423021000.0,4669502000.0,5092523000.0,0.0,264471000.0,0.0,0.009,0.2,-259536000.0,4935000.0,0.002,4935000.0,-259536000.0,-543710000.0,-5.21,-5.21,-5.21,4162357000.0,4154182000.0,4162357000.0,8453454448.0,-33.0,1712.959,-443536000.0,-2.773,1.0,1001960000.0,0.431,1704310000.0,284174000.0,15224766000.0,14949264750.0,32949000.0,9373000.0,902000.0,8471000.0,8618375000.0,937490000.0,7680885000.0,3439156448.0,-144570000.0,-22954000.0,511000000.0,-186264000.0,-31992000.0,305920000.0,-987202000.0,17874000.0,536712000.0,0.0,-833400000.0,-833400000.0,-833400000.0,0.0,0.0,-0.359,1279553000.0,-277593000.0,160518000.0,-0.038,0.826,-4.127,-4.127,9871591000.0,0.0,21.5,1.481,1.481,411416000.0,,2322198000.0,2322198000.0,0.0,-0.066,-0.201,-0.017,-0.112,0.0,0.0,1.0,159960765.0,159949000,160000000.0,14.518,11076422000.0,0.0,289690000.0,820645000.0,69.25,-440266000.0
52,AWK,MRT,2008-06-30,2008-06-30,2008-06-30,2021-08-02,0.0,12526682000.0,,458672000.0,12068010000.0,,25.654,-886434000.0,5914000.0,5914000.0,1306317000.0,-1081675000.0,0.619,2.053,5020212000.0,323952000.0,4696260000.0,5020212000.0,0.0,265794000.0,0.0,0.0,0.0,-531876000.0,-266082000.0,-0.117,-266082000.0,-531876000.0,-812105000.0,-6.76,-6.76,-6.76,4102902000.0,,4102902000.0,8640238000.0,-16.0,-32.472,-407628000.0,-2.549,1.0,976805000.0,0.428,1706675000.0,280229000.0,15093066000.0,,31679000.0,10857000.0,1874000.0,8983000.0,8423780000.0,741239000.0,7682541000.0,3548800000.0,-45531000.0,-15908000.0,661000000.0,1437367000.0,0.0,370414000.0,-894751000.0,9465000.0,478806000.0,0.0,-1081675000.0,-1081675000.0,-1081675000.0,0.0,0.0,-0.474,1523056000.0,-546251000.0,137303000.0,0.0,0.865,-3.281,-3.281,9621591000.0,0.0,22.18,1.554,1.554,368221000.0,,2283122000.0,2283122000.0,0.0,,,,-0.233,0.0,0.0,1.0,160000000.0,159932000,159976000.0,14.276,10820007000.0,0.0,269570000.0,751208000.0,67.654,-282567000.0
53,AWK,MRT,2008-03-31,2008-03-31,2008-03-31,2021-08-02,0.0,12268004000.0,,414874000.0,11853130000.0,,23.809,-782818000.0,9202000.0,9202000.0,1275126000.0,-1077995000.0,0.476,2.22,5100640000.0,458325000.0,4642315000.0,5100640000.0,0.0,266624000.0,0.0,,0.0,-528705000.0,-262081000.0,-0.116,-262081000.0,-528705000.0,-809631000.0,-6.73,-6.73,-6.73,3809423000.0,,3809423000.0,,,,-277926000.0,-1.737,1.0,977360000.0,0.434,1706952000.0,280926000.0,14781016000.0,,28961000.0,11146000.0,2149000.0,8997000.0,8458581000.0,871474000.0,7587107000.0,,-264561000.0,-6217000.0,417092000.0,1323683000.0,0.0,-387000.0,-769066000.0,21843000.0,504892000.0,0.0,-1077995000.0,-1077995000.0,-1077995000.0,807000.0,0.0,-0.479,1518467000.0,-541107000.0,119209000.0,0.0,,,,9416055000.0,0.0,,,,303928000.0,,2252486000.0,2252486000.0,0.0,,,,-0.235,0.0,0.0,1.0,160000000.0,160000000,160000000.0,14.078,10561052000.0,23111000.0,268364000.0,735836000.0,66.007,-456600000.0
54,AWK,MRT,2007-12-31,2007-12-31,2007-12-31,2021-08-02,-18383000.0,12951327000.0,12867193000.0,430354000.0,12520973000.0,0.172,28.388,-760662000.0,13481000.0,13481000.0,1246479000.0,-342826000.0,0.556,1.851,4991806000.0,316969000.0,4674837000.0,4991806000.0,0.0,267335000.0,0.0,,0.0,210348000.0,477683000.0,0.216,477683000.0,210348000.0,-72817000.0,-2.14,-2.14,-2.14,4542046000.0,4179721500.0,4542046000.0,,,,-286950000.0,-1.793,1.0,967736000.0,0.437,2456952000.0,283165000.0,14698211000.0,13614446500.0,27458000.0,13510000.0,3258000.0,10252000.0,8409281000.0,774489000.0,7634792000.0,,-16273000.0,-6217000.0,967092000.0,1004043000.0,0.0,256593000.0,-746578000.0,22175000.0,473712000.0,0.0,-342826000.0,-342826000.0,-342826000.0,551000.0,0.0,-0.155,769354000.0,198382000.0,168886000.0,0.0,,,,9317961000.0,0.0,,,,350694000.0,-1079118000.0,2214215000.0,2214215000.0,0.0,-0.027,-0.082,0.015,0.095,0.0,0.0,1.0,160000000.0,160000000,160000000.0,13.839,10494375000.0,0.0,270009000.0,730281000.0,65.59,-344135000.0
55,AWK,MRT,2007-09-30,2007-09-30,2007-09-30,2021-08-02,,,,,,,,,,,,,,,,,,,,,,,0.0,,,,,,,,,,,,,,,,,,1.0,,,,,,,,,,,,,,,,,,,,,,,,,,,,,,,,,,,,,,,,,,,,,,,,,,,,,,1.0,,160000000,,,,,,,,
56,AWK,MRT,2007-06-30,2007-06-30,2007-06-30,2021-08-02,,,,,,,,,,,,,,,,,,,,,,,0.0,,,,,,,,,,,,,,,,,,1.0,,,,,,,,,,,,,,,,,,,,,,,,,,,,,,,,,,,,,,,,,,,,,,,,,,,,,,1.0,,160000000,,,,,,,,
57,AWK,MRT,2007-03-31,2007-03-31,2007-03-31,2021-08-02,,,,,,,,,,,,,,,,,,,,,,,0.0,,,,,,,,,,,,,,,,,,1.0,,,,,,,,,,,,,,,,,,,,,,,,,,,,,,,,,,,,,,,,,,,,,,,,,,,,,,1.0,,160000000,,,,,,,,
58,AWK,MRT,2006-12-31,2006-12-31,2006-12-31,2021-08-02,0.0,12783059000.0,,412441000.0,12370618000.0,,23.859,-703309000.0,29754000.0,29754000.0,1174544000.0,-162243000.0,0.302,2.349,4103532000.0,1007128000.0,3096404000.0,4103532000.0,0.0,259181000.0,0.0,,0.0,435704000.0,694885000.0,0.332,694885000.0,435704000.0,69734000.0,-1.01,-1.01,-1.01,3817397000.0,,3817397000.0,,,,-379561000.0,-2.372,1.0,918523000.0,0.439,2962493000.0,365970000.0,12530682000.0,,23012000.0,19339000.0,2100000.0,17239000.0,8965662000.0,1363662000.0,7602000000.0,,-35323000.0,17617000.0,0.0,285462000.0,0.0,332367000.0,-691438000.0,-5746000.0,323748000.0,0.0,-162243000.0,-162243000.0,-162243000.0,6393000.0,0.0,-0.078,480945000.0,437578000.0,140691000.0,0.0,,,,8720557000.0,0.0,,,,308165000.0,,2093067000.0,2093067000.0,0.0,,,,0.208,0.0,0.0,1.0,,160000000,160000000.0,13.082,9820566000.0,0.0,231977000.0,648051000.0,61.379,-951221000.0
59,AWK,MRT,2005-12-31,2005-12-31,2005-12-31,2021-08-02,,,,,,,,-558446000.0,,,1201566000.0,-325040000.0,,,,,,,,261364000.0,,,0.0,254520000.0,515884000.0,0.241,515884000.0,254520000.0,-90737000.0,-2.03,-2.03,-2.03,,,,,,,-33011000.0,-0.206,1.0,935180000.0,0.438,,345257000.0,,,,,,,,,,,-13779000.0,10357000.0,0.0,-60398000.0,0.0,-9049000.0,-530165000.0,29480000.0,525435000.0,0.0,-325040000.0,-325040000.0,-325040000.0,49910000.0,0.0,-0.152,640281000.0,294899000.0,,0.0,,,,,0.0,,,,,,2136746000.0,2136746000.0,0.0,,,,0.119,0.0,0.0,1.0,,160000000,160000000.0,13.355,,,234303000.0,,,
