None,ticker,dimension,calendardate,datekey,reportperiod,lastupdated,accoci,assets,assetsavg,assetsc,assetsnc,assetturnover,bvps,capex,cashneq,cashnequsd,cor,consolinc,currentratio,de,debt,debtc,debtnc,debtusd,deferredrev,depamor,deposits,divyield,dps,ebit,ebitda,ebitdamargin,ebitdausd,ebitusd,ebt,eps,epsdil,epsusd,equity,equityavg,equityusd,ev,evebit,evebitda,fcf,fcfps,fxusd,gp,grossmargin,intangibles,intexp,invcap,invcapavg,inventory,investments,investmentsc,investmentsnc,liabilities,liabilitiesc,liabilitiesnc,marketcap,ncf,ncfbus,ncfcommon,ncfdebt,ncfdiv,ncff,ncfi,ncfinv,ncfo,ncfx,netinc,netinccmn,netinccmnusd,netincdis,netincnci,netmargin,opex,opinc,payables,payoutratio,pb,pe,pe1,ppnenet,prefdivis,price,ps,ps1,receivables,retearn,revenue,revenueusd,rnd,roa,roe,roic,ros,sbcomp,sgna,sharefactor,sharesbas,shareswa,shareswadil,sps,tangibles,taxassets,taxexp,taxliabilities,tbvps,workingcapital
0,THC,MRY,2020-12-31,2020-12-31,2020-12-31,2021-09-08,-281000000.0,27106000000.0,25841500000.0,7147000000.0,19959000000.0,0.717,0.267,-463000000.0,2446000000.0,2446000000.0,0.0,768000000.0,1.475,864.893,15719000000.0,145000000.0,15574000000.0,15719000000.0,659000000.0,857000000.0,0.0,0.0,0.0,1305000000.0,2162000000.0,0.117,2162000000.0,1305000000.0,302000000.0,3.8,3.75,3.8,28000000.0,-240250000.0,28000000.0,16629295647.0,13.0,7.692,2944000000.0,28.035,1.0,18522000000.0,1.0,10408000000.0,1003000000.0,25124000000.0,24645500000.0,368000000.0,2534000000.0,0.0,2534000000.0,24217000000.0,4847000000.0,19370000000.0,4213295647.0,2184000000.0,-1177000000.0,23000000.0,477000000.0,0.0,385000000.0,-1608000000.0,15000000.0,3407000000.0,0.0,399000000.0,399000000.0,399000000.0,0.0,369000000.0,0.022,16702000000.0,1820000000.0,1207000000.0,0.0,150.475,10.56,10.508,6692000000.0,0.0,39.93,0.227,0.226,2690000000.0,-2128000000.0,18522000000.0,18522000000.0,0.0,0.015,-1.661,0.053,0.07,44000000.0,8418000000.0,1.0,105517046.0,105010000,106263000.0,176.383,16698000000.0,325000000.0,-97000000.0,29000000.0,159.013,2300000000.0
1,THC,MRY,2019-12-31,2019-12-31,2019-12-31,2021-09-08,-257000000.0,23365000000.0,23271750000.0,5081000000.0,18284000000.0,0.794,-4.033,-590000000.0,262000000.0,262000000.0,0.0,171000000.0,1.208,-51.372,14751000000.0,171000000.0,14580000000.0,14751000000.0,61000000.0,850000000.0,0.0,0.0,0.0,930000000.0,1780000000.0,0.096,1780000000.0,930000000.0,-55000000.0,-2.08,-2.08,-2.08,-417000000.0,-250000000.0,-417000000.0,18660134076.0,20.0,10.483,643000000.0,6.219,1.0,18479000000.0,1.0,8854000000.0,985000000.0,24795000000.0,25008500000.0,310000000.0,2369000000.0,0.0,2369000000.0,21422000000.0,4205000000.0,17217000000.0,3951134076.0,-149000000.0,-25000000.0,12000000.0,-482000000.0,0.0,-763000000.0,-619000000.0,20000000.0,1233000000.0,0.0,-215000000.0,-215000000.0,-215000000.0,0.0,386000000.0,-0.012,17117000000.0,1362000000.0,1204000000.0,0.0,-9.475,-18.377,-18.284,6878000000.0,0.0,38.03,0.214,0.213,2743000000.0,-2513000000.0,18479000000.0,18479000000.0,0.0,-0.009,0.86,0.037,0.05,42000000.0,8698000000.0,1.0,103895190.0,103398000,103398000.0,178.717,14511000000.0,193000000.0,160000000.0,27000000.0,140.341,876000000.0
2,THC,MRY,2018-12-31,2018-12-31,2018-12-31,2021-09-08,-223000000.0,22409000000.0,22550250000.0,4636000000.0,17773000000.0,0.812,-1.165,-74000000.0,411000000.0,411000000.0,0.0,459000000.0,1.202,-170.605,14826000000.0,182000000.0,14644000000.0,14826000000.0,0.0,802000000.0,0.0,0.0,0.0,1281000000.0,2083000000.0,0.114,2083000000.0,1281000000.0,277000000.0,1.02,1.0,1.02,-119000000.0,-111500000.0,-119000000.0,16106820862.0,13.0,7.733,975000000.0,9.549,1.0,18313000000.0,1.0,9012000000.0,1004000000.0,23955000000.0,23605750000.0,305000000.0,1456000000.0,0.0,1456000000.0,20302000000.0,3857000000.0,16445000000.0,1756820862.0,-200000000.0,-113000000.0,16000000.0,-289000000.0,0.0,-1134000000.0,-115000000.0,51000000.0,1049000000.0,0.0,104000000.0,104000000.0,104000000.0,0.0,355000000.0,0.006,16826000000.0,1487000000.0,1207000000.0,0.0,-14.763,16.893,16.804,6993000000.0,0.0,17.14,0.096,0.096,2595000000.0,-2236000000.0,18313000000.0,18313000000.0,0.0,0.005,-0.933,0.054,0.07,46000000.0,8633000000.0,1.0,102498300.0,102110000,103881000.0,179.346,13397000000.0,333000000.0,173000000.0,36000000.0,131.202,779000000.0
3,THC,MRY,2017-12-31,2017-12-31,2017-12-31,2021-09-08,-204000000.0,23385000000.0,23861000000.0,5573000000.0,17812000000.0,0.804,-1.461,120000000.0,611000000.0,611000000.0,0.0,-320000000.0,1.286,-142.721,14937000000.0,146000000.0,14791000000.0,14937000000.0,0.0,870000000.0,0.0,0.0,0.0,543000000.0,1413000000.0,0.074,1413000000.0,543000000.0,-485000000.0,-7.0,-7.0,-7.0,-147000000.0,170000000.0,-147000000.0,15982202934.0,29.0,11.311,1320000000.0,13.122,1.0,19179000000.0,1.0,8784000000.0,1028000000.0,24595000000.0,25287000000.0,289000000.0,1543000000.0,0.0,1543000000.0,20980000000.0,4332000000.0,16648000000.0,1530202934.0,-105000000.0,-50000000.0,7000000.0,-406000000.0,0.0,-1326000000.0,21000000.0,-45000000.0,1200000000.0,0.0,-704000000.0,-704000000.0,-704000000.0,0.0,384000000.0,-0.037,18210000000.0,969000000.0,1175000000.0,0.0,-10.41,-2.174,-2.166,7030000000.0,0.0,15.16,0.08,0.08,2616000000.0,-2390000000.0,19179000000.0,19179000000.0,0.0,-0.03,-4.141,0.021,0.028,59000000.0,9274000000.0,1.0,100936869.0,100592000,100592000.0,190.661,14601000000.0,460000000.0,219000000.0,36000000.0,145.151,1241000000.0
4,THC,MRY,2016-12-31,2016-12-31,2016-12-31,2021-09-08,-258000000.0,24701000000.0,24295250000.0,5257000000.0,19444000000.0,0.808,4.199,-302000000.0,716000000.0,716000000.0,0.0,176000000.0,1.303,50.902,15255000000.0,191000000.0,15064000000.0,15255000000.0,0.0,850000000.0,0.0,0.0,0.0,854000000.0,1704000000.0,0.087,1704000000.0,854000000.0,-125000000.0,-1.93,-1.93,-1.93,417000000.0,523250000.0,417000000.0,15336593402.0,18.0,9.0,256000000.0,2.578,1.0,19621000000.0,1.0,9270000000.0,979000000.0,25936000000.0,24868750000.0,326000000.0,1250000000.0,0.0,1250000000.0,21226000000.0,4034000000.0,17192000000.0,1478593402.0,360000000.0,-117000000.0,4000000.0,594000000.0,0.0,232000000.0,-430000000.0,23000000.0,558000000.0,0.0,-192000000.0,-192000000.0,-192000000.0,0.0,368000000.0,-0.01,18505000000.0,1116000000.0,1329000000.0,0.0,3.546,-7.701,-7.689,8053000000.0,0.0,14.84,0.075,0.075,2897000000.0,-1742000000.0,19621000000.0,19621000000.0,0.0,-0.008,-0.367,0.034,0.044,68000000.0,9328000000.0,1.0,99635674.0,99321000,99321000.0,197.551,15431000000.0,875000000.0,67000000.0,279000000.0,155.365,1223000000.0
5,THC,MRY,2015-12-31,2015-12-31,2015-12-31,2021-09-08,-164000000.0,23682000000.0,22006500000.0,5171000000.0,18511000000.0,0.847,6.968,-293000000.0,356000000.0,356000000.0,0.0,78000000.0,1.2,29.606,14510000000.0,127000000.0,14383000000.0,14510000000.0,0.0,797000000.0,0.0,0.0,0.0,840000000.0,1637000000.0,0.088,1637000000.0,840000000.0,-72000000.0,-1.41,-1.41,-1.41,691000000.0,783750000.0,691000000.0,17323977002.0,21.0,10.583,733000000.0,7.392,1.0,18634000000.0,1.0,8645000000.0,912000000.0,24883000000.0,24062500000.0,309000000.0,1175000000.0,0.0,1175000000.0,20458000000.0,4308000000.0,16150000000.0,3019977002.0,163000000.0,-940000000.0,-25000000.0,809000000.0,0.0,454000000.0,-1317000000.0,-74000000.0,1026000000.0,0.0,-140000000.0,-140000000.0,-140000000.0,0.0,218000000.0,-0.008,17656000000.0,978000000.0,1380000000.0,0.0,4.37,-21.571,-21.489,7915000000.0,0.0,30.3,0.162,0.161,2704000000.0,-1550000000.0,18634000000.0,18634000000.0,0.0,-0.006,-0.179,0.035,0.045,69000000.0,8990000000.0,1.0,99669208.0,99167000,99167000.0,187.905,15037000000.0,783000000.0,68000000.0,37000000.0,151.633,863000000.0
6,THC,MRY,2014-12-31,2014-12-31,2014-12-31,2021-09-08,-182000000.0,17951000000.0,17163500000.0,3970000000.0,13981000000.0,0.967,6.656,-927000000.0,193000000.0,193000000.0,0.0,76000000.0,1.11,25.753,11617000000.0,112000000.0,11505000000.0,11617000000.0,0.0,849000000.0,0.0,0.0,0.0,815000000.0,1664000000.0,0.1,1664000000.0,815000000.0,61000000.0,0.12,0.12,0.12,651000000.0,709250000.0,651000000.0,16332855302.0,20.0,9.815,-240000000.0,-2.454,1.0,16603000000.0,1.0,5001000000.0,754000000.0,20797000000.0,20400750000.0,276000000.0,384000000.0,0.0,384000000.0,16765000000.0,3577000000.0,13188000000.0,4979855302.0,80000000.0,-428000000.0,26000000.0,713000000.0,0.0,715000000.0,-1322000000.0,40000000.0,687000000.0,0.0,12000000.0,12000000.0,12000000.0,0.0,64000000.0,0.001,15690000000.0,913000000.0,1179000000.0,0.0,7.65,414.988,422.25,7733000000.0,0.0,50.67,0.3,0.298,2404000000.0,-1410000000.0,16603000000.0,16603000000.0,0.0,0.001,0.017,0.04,0.049,51000000.0,8023000000.0,1.0,98280152.0,97801000,100287000.0,169.763,12950000000.0,865000000.0,49000000.0,0.0,132.412,393000000.0
7,THC,MRY,2013-12-31,2013-12-31,2013-12-31,2021-09-08,-24000000.0,16450000000.0,10964500000.0,3692000000.0,12758000000.0,1.011,7.428,-671000000.0,113000000.0,113000000.0,0.0,-104000000.0,1.194,20.175,10849000000.0,153000000.0,10696000000.0,10849000000.0,0.0,545000000.0,0.0,0.0,0.0,275000000.0,820000000.0,0.074,820000000.0,275000000.0,-199000000.0,-1.32,-1.32,-1.32,755000000.0,861000000.0,755000000.0,9920428478.0,36.0,12.098,-82000000.0,-0.807,1.0,11087000000.0,1.0,4671000000.0,474000000.0,19422000000.0,13335250000.0,260000000.0,357000000.0,0.0,357000000.0,15232000000.0,3093000000.0,12139000000.0,4179428478.0,-251000000.0,-1515000000.0,-378000000.0,1625000000.0,0.0,1324000000.0,-2164000000.0,11000000.0,589000000.0,0.0,-134000000.0,-134000000.0,-134000000.0,0.0,30000000.0,-0.012,10439000000.0,648000000.0,1085000000.0,0.0,5.536,-31.19,-31.909,7582000000.0,0.0,42.12,0.377,0.386,1890000000.0,-1422000000.0,11087000000.0,11087000000.0,0.0,-0.012,-0.156,0.021,0.025,36000000.0,5371000000.0,1.0,99226697.0,101648000,101648000.0,109.072,11779000000.0,840000000.0,-65000000.0,0.0,115.88,599000000.0
8,THC,MRY,2012-12-31,2012-12-31,2012-12-31,2021-09-08,-68000000.0,9044000000.0,8636000000.0,2681000000.0,6363000000.0,1.056,10.969,-463000000.0,364000000.0,364000000.0,0.0,133000000.0,1.521,6.833,5252000000.0,94000000.0,5158000000.0,5252000000.0,0.0,430000000.0,0.0,0.0,0.0,657000000.0,1087000000.0,0.119,1087000000.0,657000000.0,245000000.0,1.35,1.3,1.35,1143000000.0,1250750000.0,1143000000.0,8125258641.0,12.0,7.475,130000000.0,1.248,1.0,9119000000.0,1.0,1566000000.0,412000000.0,10603000000.0,10126750000.0,153000000.0,162000000.0,0.0,162000000.0,7810000000.0,1763000000.0,6047000000.0,3457258641.0,251000000.0,-211000000.0,-115000000.0,764000000.0,0.0,320000000.0,-662000000.0,17000000.0,593000000.0,0.0,120000000.0,141000000.0,141000000.0,0.0,13000000.0,0.015,8370000000.0,749000000.0,722000000.0,0.0,3.025,24.52,24.052,4293000000.0,11000000.0,32.47,0.379,0.371,1345000000.0,-1288000000.0,9119000000.0,9119000000.0,0.0,0.016,0.113,0.065,0.072,32000000.0,4257000000.0,1.0,106475474.0,104200000,108926000.0,87.514,7478000000.0,703000000.0,125000000.0,0.0,71.766,918000000.0
9,THC,MRY,2011-12-31,2011-12-31,2011-12-31,2021-09-08,-52000000.0,8462000000.0,8428500000.0,2357000000.0,6105000000.0,1.027,12.144,-475000000.0,113000000.0,113000000.0,0.0,94000000.0,1.299,4.887,4360000000.0,66000000.0,4294000000.0,4360000000.0,0.0,398000000.0,0.0,0.0,0.0,519000000.0,917000000.0,0.106,917000000.0,519000000.0,144000000.0,0.49,0.48,0.49,1423000000.0,1693750000.0,1423000000.0,6138210385.0,12.0,6.694,22000000.0,0.188,1.0,8654000000.0,1.0,1225000000.0,375000000.0,9669000000.0,9497500000.0,161000000.0,156000000.0,0.0,156000000.0,6954000000.0,1815000000.0,5139000000.0,2228210385.0,-292000000.0,-84000000.0,-371000000.0,137000000.0,0.0,-286000000.0,-503000000.0,59000000.0,497000000.0,0.0,83000000.0,58000000.0,58000000.0,0.0,11000000.0,0.007,8001000000.0,653000000.0,760000000.0,0.0,1.566,38.417,41.878,4350000000.0,24000000.0,20.52,0.257,0.278,1278000000.0,-1440000000.0,8654000000.0,8654000000.0,0.0,0.007,0.034,0.055,0.06,24000000.0,4015000000.0,1.0,108587251.0,117182000,121295000.0,73.851,7237000000.0,799000000.0,61000000.0,0.0,61.759,542000000.0
10,THC,MRY,2010-12-31,2010-12-31,2010-12-31,2021-09-08,-43000000.0,8500000000.0,8171000000.0,2311000000.0,6189000000.0,1.012,14.585,-457000000.0,405000000.0,405000000.0,0.0,1152000000.0,1.34,3.783,4064000000.0,67000000.0,3997000000.0,4064000000.0,0.0,380000000.0,0.0,0.0,0.0,589000000.0,969000000.0,0.117,969000000.0,589000000.0,165000000.0,9.24,8.16,9.24,1766000000.0,1247000000.0,1766000000.0,6909220640.0,12.0,7.13,15000000.0,0.124,1.0,8265000000.0,1.0,1094000000.0,424000000.0,9340000000.0,9139000000.0,156000000.0,164000000.0,0.0,164000000.0,6681000000.0,1725000000.0,4956000000.0,3248220640.0,-285000000.0,-65000000.0,0.0,-285000000.0,0.0,-337000000.0,-420000000.0,84000000.0,472000000.0,0.0,1142000000.0,1119000000.0,1119000000.0,0.0,10000000.0,0.135,7631000000.0,634000000.0,720000000.0,0.0,1.839,2.903,2.896,4304000000.0,24000000.0,26.76,0.393,0.392,1143000000.0,-1522000000.0,8265000000.0,8265000000.0,0.0,0.137,0.897,0.064,0.071,22000000.0,3830000000.0,1.0,121383432.0,121080000,140158000.0,68.261,7406000000.0,931000000.0,-977000000.0,0.0,61.166,586000000.0
11,THC,MRY,2009-12-31,2009-12-31,2009-12-31,2021-09-08,-32000000.0,7953000000.0,7962250000.0,2472000000.0,5481000000.0,1.045,5.381,-235000000.0,690000000.0,690000000.0,0.0,197000000.0,1.386,11.232,4274000000.0,2000000.0,4272000000.0,4274000000.0,0.0,386000000.0,0.0,0.0,0.0,609000000.0,995000000.0,0.12,995000000.0,609000000.0,164000000.0,1.52,1.48,1.52,646000000.0,462250000.0,646000000.0,6131288177.0,10.0,6.162,190000000.0,1.583,1.0,8318000000.0,1.0,986000000.0,445000000.0,8768000000.0,8951750000.0,153000000.0,195000000.0,13000000.0,182000000.0,7256000000.0,1783000000.0,5473000000.0,2593288177.0,183000000.0,0.0,0.0,-406000000.0,0.0,-117000000.0,-125000000.0,99000000.0,425000000.0,0.0,187000000.0,181000000.0,181000000.0,0.0,10000000.0,0.022,7780000000.0,538000000.0,739000000.0,0.0,4.014,14.328,14.184,4313000000.0,6000000.0,21.56,0.312,0.311,1158000000.0,-2665000000.0,8318000000.0,8318000000.0,0.0,0.023,0.392,0.068,0.073,23000000.0,3857000000.0,1.0,120282383.0,120060000,126819250.0,69.282,6967000000.0,143000000.0,-23000000.0,148000000.0,58.029,689000000.0
12,THC,MRY,2008-12-31,2008-12-31,2008-12-31,2021-09-08,-37000000.0,8174000000.0,8221250000.0,2709000000.0,5465000000.0,1.044,0.865,-387000000.0,507000000.0,507000000.0,0.0,32000000.0,1.39,77.932,4780000000.0,2000000.0,4778000000.0,4780000000.0,0.0,371000000.0,0.0,0.0,0.0,418000000.0,789000000.0,0.092,789000000.0,418000000.0,0.0,0.2,0.2,0.2,103000000.0,75000000.0,103000000.0,4815746076.0,12.0,6.104,-179000000.0,-1.503,1.0,8585000000.0,1.0,932000000.0,418000000.0,9566000000.0,9718750000.0,161000000.0,258000000.0,16000000.0,242000000.0,8027000000.0,1949000000.0,6078000000.0,548746076.0,-65000000.0,-92000000.0,0.0,-1000000.0,0.0,1000000.0,-274000000.0,206000000.0,208000000.0,0.0,25000000.0,25000000.0,25000000.0,0.0,7000000.0,0.003,8274000000.0,311000000.0,686000000.0,0.0,5.328,21.95,23.0,4291000000.0,0.0,4.6,0.064,0.064,1337000000.0,-2852000000.0,8585000000.0,8585000000.0,0.0,0.003,0.333,0.043,0.049,33000000.0,3779000000.0,1.0,119292625.0,119087250,119651500.0,72.09,7242000000.0,88000000.0,-25000000.0,101000000.0,60.813,760000000.0
13,THC,MRY,2007-12-31,2007-12-31,2007-12-31,2021-09-08,-28000000.0,8393000000.0,8289000000.0,2560000000.0,5833000000.0,0.975,0.456,-652000000.0,572000000.0,572000000.0,0.0,-84000000.0,1.25,154.426,4772000000.0,1000000.0,4771000000.0,4772000000.0,0.0,336000000.0,0.0,0.0,0.0,269000000.0,605000000.0,0.075,605000000.0,269000000.0,-150000000.0,-0.76,-0.76,-0.76,54000000.0,117750000.0,54000000.0,6520424154.0,24.0,10.778,-326000000.0,-2.755,1.0,8083000000.0,1.0,900000000.0,419000000.0,9645000000.0,9670250000.0,183000000.0,308000000.0,20000000.0,288000000.0,8339000000.0,2048000000.0,6291000000.0,2408424154.0,-212000000.0,-36000000.0,0.0,-22000000.0,0.0,-18000000.0,-520000000.0,85000000.0,326000000.0,0.0,-89000000.0,-89000000.0,-89000000.0,0.0,5000000.0,-0.011,7807000000.0,276000000.0,780000000.0,0.0,44.6,-27.061,-26.737,4645000000.0,0.0,20.32,0.298,0.298,1385000000.0,-2877000000.0,8083000000.0,8083000000.0,0.0,-0.011,-0.756,0.028,0.033,40000000.0,3617000000.0,1.0,118524811.0,118351250,118351250.0,68.297,7493000000.0,94000000.0,-61000000.0,119000000.0,63.312,512000000.0
14,THC,MRY,2006-12-31,2006-12-31,2006-12-31,2021-09-08,-45000000.0,8539000000.0,9029500000.0,3025000000.0,5514000000.0,0.858,2.243,-467000000.0,784000000.0,784000000.0,0.0,-803000000.0,1.571,31.345,4782000000.0,22000000.0,4760000000.0,4782000000.0,0.0,316000000.0,0.0,0.0,0.0,-653000000.0,-337000000.0,-0.044,-337000000.0,-653000000.0,-1061000000.0,-6.84,-6.84,-6.84,264000000.0,675250000.0,264000000.0,7010088788.0,-11.0,-20.801,-929000000.0,-7.892,1.0,7744000000.0,1.0,832000000.0,408000000.0,9780000000.0,10048250000.0,184000000.0,422000000.0,39000000.0,383000000.0,8275000000.0,1925000000.0,6350000000.0,3285088788.0,-589000000.0,-28000000.0,0.0,-20000000.0,0.0,252000000.0,-379000000.0,-6000000.0,-462000000.0,0.0,-803000000.0,-803000000.0,-803000000.0,-46000000.0,0.0,-0.104,8509000000.0,-765000000.0,775000000.0,0.0,12.444,-4.091,-4.076,4299000000.0,0.0,27.88,0.424,0.424,1413000000.0,-2610000000.0,7744000000.0,7744000000.0,0.0,-0.089,-1.189,-0.065,-0.084,50000000.0,3477000000.0,1.0,117829584.0,117711750,117711750.0,65.788,7707000000.0,240000000.0,-258000000.0,107000000.0,65.473,1100000000.0
15,THC,MRY,2005-12-31,2005-12-31,2005-12-31,2021-09-08,-39000000.0,9812000000.0,10060250000.0,3508000000.0,6304000000.0,0.828,8.71,-491000000.0,1636000000.0,1636000000.0,0.0,-724000000.0,1.531,8.61,4803000000.0,19000000.0,4784000000.0,4803000000.0,0.0,327000000.0,0.0,0.0,0.0,-408000000.0,-81000000.0,-0.01,-81000000.0,-408000000.0,-812000000.0,-6.16,-6.16,-6.16,1021000000.0,1444250000.0,1021000000.0,6655651913.0,-16.0,-82.169,272000000.0,2.32,1.0,8326000000.0,1.0,1041000000.0,404000000.0,9646000000.0,10079500000.0,190000000.0,385000000.0,5000000.0,380000000.0,8791000000.0,2292000000.0,6499000000.0,3595651913.0,719000000.0,0.0,0.0,335000000.0,0.0,348000000.0,-392000000.0,51000000.0,763000000.0,0.0,-724000000.0,-724000000.0,-724000000.0,436000000.0,0.0,-0.087,8327000000.0,-1000000.0,857000000.0,0.0,3.522,-4.966,-4.974,4620000000.0,0.0,30.64,0.432,0.431,1600000000.0,-1807000000.0,8326000000.0,8326000000.0,0.0,-0.072,-0.501,-0.04,-0.049,48000000.0,3807000000.0,1.0,117351564.0,117224500,117224500.0,71.026,8771000000.0,107000000.0,-88000000.0,212000000.0,74.822,1216000000.0
16,THC,MRY,2004-12-31,2004-12-31,2004-12-31,2021-09-08,-13000000.0,10081000000.0,11622000000.0,3996000000.0,6085000000.0,0.754,14.577,-56000000.0,917000000.0,917000000.0,0.0,-2806000000.0,1.89,4.933,4436000000.0,41000000.0,4395000000.0,4436000000.0,0.0,334000000.0,0.0,0.0,0.0,-2179000000.0,-1845000000.0,-0.21,-1845000000.0,-2179000000.0,-2511000000.0,-24.08,-24.08,-24.08,1699000000.0,3425750000.0,1699000000.0,8313998291.0,-4.0,-4.506,-138000000.0,-1.184,1.0,8768000000.0,1.0,969000000.0,332000000.0,10517000000.0,11094250000.0,188000000.0,413000000.0,117000000.0,296000000.0,8382000000.0,2114000000.0,6268000000.0,5123998291.0,35000000.0,0.0,2000000.0,382000000.0,0.0,129000000.0,-12000000.0,-32000000.0,-82000000.0,0.0,-2806000000.0,-2806000000.0,-2806000000.0,952000000.0,0.0,-0.32,10005000000.0,-1237000000.0,937000000.0,0.0,3.016,-1.826,-1.824,4820000000.0,0.0,43.92,0.584,0.584,1692000000.0,-1083000000.0,8768000000.0,8768000000.0,0.0,-0.241,-0.819,-0.196,-0.249,101000000.0,3843000000.0,1.0,116666628.0,116556500,116556500.0,75.225,9112000000.0,648000000.0,295000000.0,311000000.0,78.177,1882000000.0
17,THC,MRY,2003-12-31,2003-12-31,2003-12-31,2021-09-08,-8000000.0,12298000000.0,13243500000.0,4248000000.0,8050000000.0,0.759,37.439,-82000000.0,619000000.0,619000000.0,0.0,-1564000000.0,1.774,1.82,4057000000.0,18000000.0,4039000000.0,4057000000.0,0.0,380000000.0,0.0,0.0,0.0,-1544000000.0,-1164000000.0,-0.116,-1164000000.0,-1544000000.0,-1838000000.0,-13.44,-13.44,-13.44,4361000000.0,5226750000.0,4361000000.0,11295752207.0,-7.0,-9.704,756000000.0,6.49,1.0,10052000000.0,1.0,2107000000.0,294000000.0,11235000000.0,11849250000.0,224000000.0,509000000.0,123000000.0,386000000.0,7937000000.0,2394000000.0,5543000000.0,7459752207.0,409000000.0,-39000000.0,-203000000.0,102000000.0,0.0,-96000000.0,-333000000.0,-163000000.0,838000000.0,0.0,-1564000000.0,-1564000000.0,-1564000000.0,444000000.0,0.0,-0.156,11163000000.0,-1111000000.0,987000000.0,0.0,1.711,-4.77,-4.777,5557000000.0,0.0,64.2,0.742,0.744,2415000000.0,1710000000.0,10052000000.0,10052000000.0,0.0,-0.118,-0.299,-0.13,-0.154,139000000.0,4238000000.0,1.0,116195517.0,116481750,116481750.0,86.297,10191000000.0,401000000.0,-274000000.0,40000000.0,87.49,1854000000.0
18,THC,MRY,2002-12-31,2002-05-31,2002-05-31,2021-09-08,-44000000.0,13803000000.0,13399000000.0,3383000000.0,10420000000.0,0.726,46.533,-861000000.0,38000000.0,38000000.0,0.0,697000000.0,1.325,1.423,4018000000.0,99000000.0,3919000000.0,4018000000.0,0.0,455000000.0,0.0,0.0,0.0,1340000000.0,1795000000.0,0.184,1795000000.0,1340000000.0,1016000000.0,5.68,5.56,5.68,5697000000.0,5388000000.0,5697000000.0,28522043448.0,21.0,15.89,1454000000.0,11.876,1.0,9734000000.0,1.0,3472000000.0,324000000.0,11757000000.0,11676500000.0,231000000.0,463000000.0,100000000.0,363000000.0,8106000000.0,2554000000.0,5552000000.0,24277043448.0,-24000000.0,-324000000.0,-442000000.0,-641000000.0,0.0,-1112000000.0,-1227000000.0,0.0,2315000000.0,0.0,697000000.0,697000000.0,697000000.0,-363000000.0,0.0,0.072,8381000000.0,1353000000.0,968000000.0,0.0,4.261,34.831,34.977,6585000000.0,0.0,198.667,2.494,2.499,2425000000.0,2786000000.0,9734000000.0,9734000000.0,0.0,0.052,0.129,0.115,0.138,268000000.0,3837000000.0,1.0,122199883.0,122429250,125724750.0,79.507,10331000000.0,188000000.0,319000000.0,634000000.0,84.383,829000000.0
19,THC,MRY,2001-12-31,2001-12-31,2001-12-31,2021-09-08,,,,,,,,,,,0.0,578000000.0,,,,,,,,,,0.0,0.0,1373000000.0,,,,1373000000.0,918000000.0,4.84,4.72,4.84,,,,23438059822.0,17.0,,,,1.0,10970000000.0,1.0,,455000000.0,,,,,,,,,,19112059822.0,,,,,,,,,,,578000000.0,578000000.0,578000000.0,-107000000.0,0.0,0.053,9699000000.0,1271000000.0,,0.0,,33.066,32.353,,0.0,156.587,1.742,1.712,,,10970000000.0,10970000000.0,0.0,,,,0.125,,4388000000.0,1.0,122054197.0,119905250,122682000.0,91.489,,,340000000.0,,,
20,THC,MRY,2000-12-31,2000-05-31,2000-05-31,2021-09-08,-70000000.0,13161000000.0,13380250000.0,3594000000.0,9567000000.0,0.853,34.754,145000000.0,135000000.0,135000000.0,0.0,302000000.0,1.88,2.237,5677000000.0,9000000.0,5668000000.0,5677000000.0,0.0,533000000.0,0.0,0.0,0.027,1059000000.0,1592000000.0,0.139,1592000000.0,1059000000.0,580000000.0,2.6,2.56,2.6,4066000000.0,4052500000.0,4066000000.0,14142385850.0,13.0,8.883,1014000000.0,8.667,1.0,11414000000.0,1.0,3329000000.0,479000000.0,13462000000.0,14128250000.0,223000000.0,454000000.0,110000000.0,344000000.0,9095000000.0,1912000000.0,7183000000.0,8172385850.0,106000000.0,-38000000.0,45000000.0,-787000000.0,0.0,-727000000.0,-36000000.0,0.0,869000000.0,0.0,302000000.0,302000000.0,302000000.0,19000000.0,0.0,0.026,10367000000.0,1047000000.0,671000000.0,0.01,2.01,27.061,26.8,5894000000.0,0.0,69.68,0.716,0.714,2506000000.0,1627000000.0,11414000000.0,11414000000.0,0.0,0.023,0.075,0.075,0.093,3000000.0,4508000000.0,1.0,117284527.0,116992500,118094250.0,97.562,9832000000.0,176000000.0,278000000.0,491000000.0,84.04,1682000000.0
21,THC,MRY,1999-12-31,1999-05-31,1999-05-31,2021-09-08,77000000.0,13771000000.0,13572000000.0,3962000000.0,9809000000.0,0.802,33.285,-520000000.0,29000000.0,29000000.0,0.0,249000000.0,1.959,2.558,6436000000.0,45000000.0,6391000000.0,6436000000.0,0.0,556000000.0,0.0,0.0,0.0,959000000.0,1515000000.0,0.139,1515000000.0,959000000.0,474000000.0,2.133,2.107,2.133,3870000000.0,3850000000.0,3870000000.0,14078157039.0,15.0,9.293,62000000.0,0.533,1.0,10880000000.0,1.0,3401000000.0,485000000.0,14755000000.0,14542500000.0,221000000.0,699000000.0,130000000.0,569000000.0,9901000000.0,2022000000.0,7879000000.0,7608157039.0,6000000.0,-541000000.0,36000000.0,549000000.0,0.0,571000000.0,-1147000000.0,0.0,582000000.0,0.0,249000000.0,249000000.0,249000000.0,0.0,0.0,0.023,9941000000.0,939000000.0,713000000.0,0.0,1.966,30.555,30.63,5839000000.0,0.0,65.333,0.699,0.698,2318000000.0,1329000000.0,10880000000.0,10880000000.0,0.0,0.018,0.065,0.066,0.088,3000000.0,4412000000.0,1.0,116451383.0,116268750,117519750.0,93.576,10370000000.0,196000000.0,225000000.0,440000000.0,89.19,1940000000.0
22,THC,MRY,1998-12-31,1998-05-31,1998-05-31,2021-09-08,50000000.0,12774000000.0,12392500000.0,2890000000.0,9884000000.0,0.798,30.981,-364000000.0,23000000.0,23000000.0,0.0,261000000.0,1.692,2.59,5839000000.0,10000000.0,5829000000.0,5839000000.0,0.0,460000000.0,0.0,0.0,0.0,994000000.0,1454000000.0,0.147,1454000000.0,994000000.0,530000000.0,2.267,2.24,2.267,3558000000.0,3523000000.0,3558000000.0,16539875930.0,17.0,11.375,39000000.0,0.34,1.0,9895000000.0,1.0,3399000000.0,464000000.0,13483000000.0,12964500000.0,214000000.0,630000000.0,132000000.0,498000000.0,9216000000.0,1708000000.0,7508000000.0,10788875930.0,-12000000.0,-679000000.0,97000000.0,587000000.0,0.0,668000000.0,-1083000000.0,0.0,403000000.0,0.0,261000000.0,261000000.0,261000000.0,0.0,0.0,0.026,8767000000.0,1128000000.0,657000000.0,0.0,3.032,41.337,41.17,5987000000.0,0.0,93.333,1.09,1.083,1742000000.0,1080000000.0,9895000000.0,9895000000.0,0.0,0.021,0.074,0.077,0.1,0.0,4052000000.0,1.0,115595099.0,114845625,117042375.0,86.159,9375000000.0,275000000.0,269000000.0,423000000.0,81.631,1182000000.0
23,THC,MRY,1997-12-31,1997-05-31,1997-05-31,2021-09-08,110000000.0,11606000000.0,11187000000.0,2391000000.0,9215000000.0,0.777,28.286,-356000000.0,35000000.0,35000000.0,0.0,-244000000.0,1.351,2.6,5050000000.0,28000000.0,5022000000.0,5050000000.0,0.0,443000000.0,0.0,0.0,0.0,262000000.0,705000000.0,0.081,705000000.0,262000000.0,-155000000.0,-2.16,-2.16,-2.16,3224000000.0,3250500000.0,3224000000.0,13135457457.0,50.0,18.632,48000000.0,0.421,1.0,8691000000.0,1.0,3099000000.0,417000000.0,11752000000.0,11128500000.0,193000000.0,773000000.0,116000000.0,657000000.0,8382000000.0,1770000000.0,6612000000.0,8290657457.0,-68000000.0,-787000000.0,71000000.0,605000000.0,0.0,653000000.0,-1125000000.0,0.0,404000000.0,0.0,-244000000.0,-244000000.0,-244000000.0,134000000.0,0.0,-0.028,8230000000.0,461000000.0,540000000.0,0.0,2.572,-33.978,-33.951,5459000000.0,0.0,73.333,0.954,0.962,1346000000.0,819000000.0,8691000000.0,8691000000.0,0.0,-0.022,-0.075,0.024,0.03,0.0,3595000000.0,1.0,113054420.0,113980125,113980125.0,76.25,8507000000.0,294000000.0,89000000.0,308000000.0,74.636,621000000.0
24,THC,MRY,1996-12-31,1996-05-31,1996-05-31,2021-09-08,28000000.0,10768000000.0,,2040000000.0,8728000000.0,,31.025,79000000.0,107000000.0,107000000.0,0.0,434000000.0,1.324,2.286,4541000000.0,120000000.0,4421000000.0,4541000000.0,0.0,419000000.0,0.0,0.0,0.0,1232000000.0,1651000000.0,0.214,1651000000.0,1232000000.0,807000000.0,4.107,3.973,4.107,3277000000.0,,3277000000.0,,,,428000000.0,4.052,1.0,7706000000.0,1.0,3156000000.0,425000000.0,10505000000.0,,170000000.0,700000000.0,112000000.0,588000000.0,7491000000.0,1541000000.0,5950000000.0,,-53000000.0,-841000000.0,432000000.0,-29000000.0,0.0,398000000.0,-800000000.0,0.0,349000000.0,0.0,434000000.0,434000000.0,434000000.0,25000000.0,0.0,0.056,6794000000.0,912000000.0,530000000.0,0.0,,,13.96,4984000000.0,0.0,57.333,,0.786,1040000000.0,1096000000.0,7706000000.0,7706000000.0,0.0,,,,0.16,0.0,3139000000.0,1.0,,105624000,110548500.0,72.957,7612000000.0,312000000.0,373000000.0,432000000.0,72.067,499000000.0
25,THC,MRY,1995-12-31,1995-05-31,1995-05-31,2021-09-08,,,,,,,,-145000000.0,,,0.0,236000000.0,,,,,,,,276000000.0,,0.0,0.0,638000000.0,914000000.0,0.177,914000000.0,638000000.0,387000000.0,2.613,2.56,2.613,,,,,,,-19000000.0,-0.213,1.0,5161000000.0,1.0,,251000000.0,,,,,,,,,,,-171000000.0,-1489000000.0,11000000.0,1312000000.0,0.0,1326000000.0,-1623000000.0,0.0,126000000.0,0.0,236000000.0,234000000.0,234000000.0,10000000.0,0.0,0.045,4589000000.0,572000000.0,,0.0,,,16.961,,2000000.0,44.32,,0.766,,,5161000000.0,5161000000.0,0.0,,,,0.124,0.0,2170000000.0,1.0,,89236500,95289375.0,57.835,,,151000000.0,,,
0,THC,MRQ,2021-06-30,2021-06-30,2021-06-30,2021-09-08,-277000000.0,26565000000.0,,7417000000.0,19148000000.0,,2.443,-11000000.0,2194000000.0,2194000000.0,0.0,257000000.0,1.463,89.51,15218000000.0,127000000.0,15091000000.0,15218000000.0,1055000000.0,221000000.0,0.0,0.0,0.0,415000000.0,636000000.0,0.128,636000000.0,415000000.0,180000000.0,1.11,1.1,1.11,261000000.0,,261000000.0,20247886015.0,14.0,8.631,234000000.0,2.191,1.0,4973000000.0,1.0,10181000000.0,235000000.0,24337000000.0,,364000000.0,2525000000.0,0.0,2525000000.0,23362000000.0,5071000000.0,18291000000.0,7153886015.0,53000000.0,-39000000.0,2000000.0,-81000000.0,0.0,-142000000.0,-50000000.0,4000000.0,245000000.0,0.0,119000000.0,119000000.0,119000000.0,1000000.0,138000000.0,0.024,4441000000.0,532000000.0,1084000000.0,0.0,27.41,16.484,16.339,6166000000.0,0.0,66.99,0.364,0.365,2643000000.0,-1912000000.0,4973000000.0,4973000000.0,0.0,,,,,16000000.0,2280000000.0,1.0,106790357.0,106822000,108569000.0,46.554,16384000000.0,276000000.0,61000000.0,29000000.0,153.377,2346000000.0
1,THC,MRQ,2021-03-31,2021-03-31,2021-03-31,2021-09-08,-282000000.0,26554000000.0,,6699000000.0,19855000000.0,,1.157,-108000000.0,2141000000.0,2141000000.0,0.0,222000000.0,1.359,191.431,15235000000.0,137000000.0,15098000000.0,15235000000.0,917000000.0,224000000.0,0.0,0.0,0.0,382000000.0,606000000.0,0.126,606000000.0,382000000.0,142000000.0,0.91,0.9,0.91,123000000.0,,123000000.0,18795207340.0,13.0,8.158,426000000.0,4.007,1.0,4812000000.0,1.0,10389000000.0,240000000.0,24329000000.0,,368000000.0,2577000000.0,0.0,2577000000.0,23546000000.0,4930000000.0,18616000000.0,5522207340.0,-305000000.0,-25000000.0,7000000.0,-537000000.0,0.0,-694000000.0,-145000000.0,-5000000.0,534000000.0,0.0,97000000.0,97000000.0,97000000.0,0.0,125000000.0,0.02,4334000000.0,478000000.0,1103000000.0,0.0,44.896,13.703,13.577,6592000000.0,0.0,52.0,0.294,0.294,2745000000.0,-2031000000.0,4812000000.0,4812000000.0,0.0,,,,,14000000.0,2201000000.0,1.0,106196295.0,106309000,108065000.0,45.264,16165000000.0,297000000.0,45000000.0,29000000.0,152.057,1769000000.0
2,THC,MRQ,2020-12-31,2020-12-31,2020-12-31,2021-09-08,-281000000.0,27106000000.0,,7147000000.0,19959000000.0,,0.265,-102000000.0,2446000000.0,2446000000.0,0.0,546000000.0,1.475,864.893,15719000000.0,145000000.0,15574000000.0,15719000000.0,659000000.0,233000000.0,0.0,0.0,0.0,786000000.0,1019000000.0,0.19,1019000000.0,786000000.0,544000000.0,3.94,3.89,3.94,28000000.0,,28000000.0,16629295647.0,13.0,7.692,344000000.0,3.257,1.0,5352000000.0,1.0,10408000000.0,242000000.0,25124000000.0,,368000000.0,2534000000.0,0.0,2534000000.0,24217000000.0,4847000000.0,19370000000.0,4213295647.0,-854000000.0,-1116000000.0,10000000.0,-46000000.0,0.0,-98000000.0,-1202000000.0,12000000.0,446000000.0,0.0,414000000.0,414000000.0,414000000.0,0.0,132000000.0,0.077,4498000000.0,854000000.0,1207000000.0,0.0,150.475,10.56,10.508,6692000000.0,0.0,39.93,0.227,0.226,2690000000.0,-2128000000.0,5352000000.0,5352000000.0,0.0,,,,,6000000.0,2225000000.0,1.0,105517046.0,105631000,110643000.0,50.667,16698000000.0,325000000.0,130000000.0,29000000.0,158.079,2300000000.0
3,THC,MRQ,2020-09-30,2020-09-30,2020-09-30,2021-09-08,-251000000.0,26187000000.0,,7808000000.0,18379000000.0,,-3.553,-85000000.0,3300000000.0,3300000000.0,0.0,-106000000.0,1.336,-64.668,15716000000.0,155000000.0,15561000000.0,15716000000.0,1500000000.0,215000000.0,0.0,0.0,0.0,-130000000.0,85000000.0,0.019,85000000.0,-130000000.0,-393000000.0,-1.86,-1.86,-1.86,-374000000.0,,-374000000.0,14957089831.0,18.0,8.845,508000000.0,4.826,1.0,4491000000.0,1.0,8880000000.0,263000000.0,23880000000.0,,349000000.0,2445000000.0,0.0,2445000000.0,24186000000.0,5843000000.0,18343000000.0,2583089831.0,-214000000.0,-5000000.0,8000000.0,-538000000.0,0.0,-690000000.0,-117000000.0,-22000000.0,593000000.0,0.0,-196000000.0,-196000000.0,-196000000.0,-1000000.0,90000000.0,-0.044,4264000000.0,227000000.0,1025000000.0,0.0,-6.907,-143.505,-153.188,6618000000.0,0.0,24.51,0.144,0.144,2479000000.0,-2542000000.0,4491000000.0,4491000000.0,0.0,,,,,11000000.0,2142000000.0,1.0,105389222.0,105263000,105263000.0,42.665,17307000000.0,438000000.0,-197000000.0,27000000.0,164.417,1965000000.0
4,THC,MRQ,2020-06-30,2020-06-30,2020-06-30,2021-09-08,-255000000.0,26250000000.0,,7947000000.0,18303000000.0,,-2.452,-105000000.0,3514000000.0,3514000000.0,0.0,169000000.0,1.423,-93.603,15888000000.0,160000000.0,15728000000.0,15888000000.0,1496000000.0,206000000.0,0.0,0.0,0.0,388000000.0,594000000.0,0.143,594000000.0,388000000.0,133000000.0,0.84,0.83,0.84,-257000000.0,,-257000000.0,16530392055.0,16.0,8.931,2134000000.0,20.364,1.0,4159000000.0,1.0,8904000000.0,255000000.0,24135000000.0,,337000000.0,2464000000.0,0.0,2464000000.0,24056000000.0,5585000000.0,18471000000.0,1896392055.0,2901000000.0,-1000000.0,3000000.0,603000000.0,0.0,747000000.0,-85000000.0,19000000.0,2239000000.0,0.0,88000000.0,88000000.0,88000000.0,0.0,81000000.0,0.021,3719000000.0,440000000.0,1018000000.0,0.0,-7.379,-39.508,-37.729,6703000000.0,0.0,18.11,0.105,0.105,2435000000.0,-2346000000.0,4159000000.0,4159000000.0,0.0,,,,,14000000.0,1864000000.0,1.0,104715188.0,104794000,105578000.0,39.687,17346000000.0,250000000.0,45000000.0,27000000.0,165.525,2362000000.0
5,THC,MRQ,2020-03-31,2020-03-31,2020-03-31,2021-09-08,-256000000.0,23823000000.0,,5388000000.0,18435000000.0,,-3.431,-171000000.0,613000000.0,613000000.0,0.0,159000000.0,1.316,-60.877,15247000000.0,165000000.0,15082000000.0,15247000000.0,0.0,203000000.0,0.0,0.0,0.0,261000000.0,464000000.0,0.103,464000000.0,261000000.0,18000000.0,0.89,0.88,0.89,-358000000.0,,-358000000.0,15990758662.0,17.0,8.999,-42000000.0,-0.402,1.0,4520000000.0,1.0,8919000000.0,243000000.0,25443000000.0,,324000000.0,2467000000.0,0.0,2467000000.0,21794000000.0,4095000000.0,17699000000.0,1501758662.0,351000000.0,-55000000.0,2000000.0,458000000.0,0.0,426000000.0,-204000000.0,6000000.0,129000000.0,0.0,93000000.0,93000000.0,93000000.0,1000000.0,66000000.0,0.021,4221000000.0,299000000.0,1079000000.0,0.0,-4.195,-13.652,-13.458,6786000000.0,0.0,14.4,0.081,0.081,2722000000.0,-2434000000.0,4520000000.0,4520000000.0,0.0,,,,,13000000.0,2187000000.0,1.0,104288796.0,104353000,105733000.0,43.315,14904000000.0,281000000.0,-75000000.0,27000000.0,142.823,1293000000.0
6,THC,MRQ,2019-12-31,2019-12-31,2019-12-31,2021-09-08,-257000000.0,23365000000.0,,5081000000.0,18284000000.0,,-4.008,-159000000.0,262000000.0,262000000.0,0.0,124000000.0,1.208,-51.372,14751000000.0,171000000.0,14580000000.0,14751000000.0,61000000.0,223000000.0,0.0,0.0,0.0,325000000.0,548000000.0,0.114,548000000.0,325000000.0,82000000.0,-0.03,-0.03,-0.03,-417000000.0,,-417000000.0,18660134076.0,20.0,10.483,361000000.0,3.47,1.0,4806000000.0,1.0,8854000000.0,243000000.0,24795000000.0,,310000000.0,2369000000.0,0.0,2369000000.0,21422000000.0,4205000000.0,17217000000.0,3951134076.0,-52000000.0,-2000000.0,8000000.0,-328000000.0,0.0,-379000000.0,-193000000.0,-7000000.0,520000000.0,0.0,-3000000.0,-3000000.0,-3000000.0,11000000.0,127000000.0,-0.001,4413000000.0,393000000.0,1204000000.0,0.0,-9.475,-18.377,-18.284,6878000000.0,0.0,38.03,0.214,0.213,2743000000.0,-2513000000.0,4806000000.0,4806000000.0,0.0,,,,,8000000.0,2230000000.0,1.0,103895190.0,104049000,104049000.0,46.19,14511000000.0,193000000.0,85000000.0,27000000.0,139.463,876000000.0
7,THC,MRQ,2019-09-30,2019-09-30,2019-09-30,2021-09-08,-216000000.0,23357000000.0,,4789000000.0,18568000000.0,,-3.293,-152000000.0,314000000.0,314000000.0,0.0,-146000000.0,1.219,-62.736,15023000000.0,165000000.0,14858000000.0,15023000000.0,0.0,205000000.0,0.0,0.0,0.0,40000000.0,245000000.0,0.054,245000000.0,40000000.0,-204000000.0,-2.18,-2.18,-2.18,-341000000.0,,-341000000.0,17015280267.0,19.0,9.898,267000000.0,2.578,1.0,4568000000.0,1.0,8935000000.0,244000000.0,25203000000.0,,311000000.0,2380000000.0,0.0,2380000000.0,21393000000.0,3928000000.0,17465000000.0,2288280267.0,65000000.0,-10000000.0,1000000.0,-174000000.0,0.0,-231000000.0,-123000000.0,32000000.0,419000000.0,0.0,-226000000.0,-226000000.0,-226000000.0,-1000000.0,80000000.0,-0.049,4304000000.0,264000000.0,1125000000.0,0.0,-6.71,-10.216,-10.241,7001000000.0,0.0,22.12,0.125,0.125,2768000000.0,-2469000000.0,4568000000.0,4568000000.0,0.0,,,,,11000000.0,2172000000.0,1.0,103448475.0,103558000,103558000.0,44.111,14422000000.0,270000000.0,22000000.0,36000000.0,139.265,861000000.0
8,THC,MRQ,2019-06-30,2019-06-30,2019-06-30,2021-09-08,-219000000.0,23207000000.0,,4704000000.0,18503000000.0,,-1.047,-145000000.0,249000000.0,249000000.0,0.0,121000000.0,1.133,-194.704,14976000000.0,664000000.0,14312000000.0,14976000000.0,0.0,214000000.0,0.0,0.0,0.0,306000000.0,520000000.0,0.114,520000000.0,306000000.0,59000000.0,0.25,0.25,0.25,-108000000.0,,-108000000.0,16850700116.0,15.0,8.758,139000000.0,1.347,1.0,4560000000.0,1.0,8943000000.0,247000000.0,24841000000.0,,309000000.0,2297000000.0,0.0,2297000000.0,21028000000.0,4150000000.0,16878000000.0,2130700116.0,-3000000.0,-11000000.0,2000000.0,-39000000.0,0.0,-123000000.0,-164000000.0,-5000000.0,284000000.0,0.0,26000000.0,26000000.0,26000000.0,-2000000.0,95000000.0,0.006,4202000000.0,358000000.0,1088000000.0,0.0,-19.729,-304.386,-295.143,6995000000.0,0.0,20.66,0.117,0.117,2734000000.0,-2237000000.0,4560000000.0,4560000000.0,0.0,,,,,12000000.0,2145000000.0,1.0,103131661.0,103198000,104629000.0,44.187,14264000000.0,287000000.0,33000000.0,36000000.0,138.22,554000000.0
9,THC,MRQ,2019-03-31,2019-03-31,2019-03-31,2021-09-08,-221000000.0,23158000000.0,,4582000000.0,18576000000.0,,-1.304,-134000000.0,252000000.0,252000000.0,0.0,72000000.0,1.23,-157.052,14972000000.0,158000000.0,14814000000.0,14972000000.0,0.0,208000000.0,0.0,0.0,0.0,259000000.0,467000000.0,0.103,467000000.0,259000000.0,8000000.0,-0.11,-0.11,-0.11,-134000000.0,,-134000000.0,17375925999.0,16.0,9.041,-124000000.0,-1.206,1.0,4545000000.0,1.0,8958000000.0,251000000.0,25195000000.0,,308000000.0,2331000000.0,0.0,2331000000.0,21045000000.0,3725000000.0,17320000000.0,2960925999.0,-159000000.0,-2000000.0,1000000.0,59000000.0,0.0,-30000000.0,-139000000.0,0.0,10000000.0,0.0,-12000000.0,-12000000.0,-12000000.0,0.0,84000000.0,-0.003,4198000000.0,347000000.0,1101000000.0,0.0,-22.096,-422.989,-412.0,6996000000.0,0.0,28.84,0.163,0.163,2744000000.0,-2254000000.0,4545000000.0,4545000000.0,0.0,,,,,11000000.0,2151000000.0,1.0,102667337.0,102788000,102788000.0,44.217,14200000000.0,308000000.0,20000000.0,36000000.0,138.148,857000000.0
10,THC,MRQ,2018-12-31,2018-12-31,2018-12-31,2021-09-08,-223000000.0,22409000000.0,,4636000000.0,17773000000.0,,-1.161,-168000000.0,411000000.0,411000000.0,0.0,95000000.0,1.202,-170.605,14826000000.0,182000000.0,14644000000.0,14826000000.0,0.0,200000000.0,0.0,0.0,0.0,287000000.0,487000000.0,0.105,487000000.0,287000000.0,41000000.0,-0.12,-0.12,-0.12,-119000000.0,,-119000000.0,16106820862.0,13.0,7.733,82000000.0,0.8,1.0,4619000000.0,1.0,9012000000.0,246000000.0,23955000000.0,,305000000.0,1456000000.0,0.0,1456000000.0,20302000000.0,3857000000.0,16445000000.0,1756820862.0,-89000000.0,-16000000.0,1000000.0,-66000000.0,0.0,-104000000.0,-235000000.0,-71000000.0,250000000.0,0.0,-12000000.0,-12000000.0,-12000000.0,3000000.0,107000000.0,-0.003,4278000000.0,341000000.0,1207000000.0,0.0,-14.763,16.893,16.804,6993000000.0,0.0,17.14,0.096,0.096,2595000000.0,-2236000000.0,4619000000.0,4619000000.0,0.0,,,,,12000000.0,2155000000.0,1.0,102498300.0,102500000,104118000.0,45.063,13397000000.0,333000000.0,53000000.0,36000000.0,130.702,779000000.0
11,THC,MRQ,2018-09-30,2018-09-30,2018-09-30,2021-09-08,-202000000.0,22265000000.0,,4492000000.0,17773000000.0,,-1.055,-119000000.0,500000000.0,500000000.0,0.0,65000000.0,1.063,-186.694,14850000000.0,672000000.0,14178000000.0,14850000000.0,0.0,204000000.0,0.0,0.0,0.0,246000000.0,450000000.0,0.1,450000000.0,246000000.0,-3000000.0,-0.09,-0.09,-0.09,-108000000.0,,-108000000.0,17378230801.0,13.0,8.075,219000000.0,2.139,1.0,4489000000.0,1.0,9075000000.0,249000000.0,23316000000.0,,307000000.0,1462000000.0,0.0,1462000000.0,20163000000.0,4224000000.0,15939000000.0,2914230801.0,97000000.0,-8000000.0,1000000.0,-76000000.0,0.0,-136000000.0,-105000000.0,16000000.0,338000000.0,0.0,-9000000.0,-9000000.0,-9000000.0,0.0,74000000.0,-0.002,4202000000.0,287000000.0,1065000000.0,0.0,-26.984,-25.79,-25.186,6888000000.0,0.0,28.46,0.156,0.156,2484000000.0,-2231000000.0,4489000000.0,4489000000.0,0.0,,,,,14000000.0,2116000000.0,1.0,102397428.0,102402000,102402000.0,43.837,13190000000.0,375000000.0,6000000.0,36000000.0,128.806,268000000.0
12,THC,MRQ,2018-06-30,2018-06-30,2018-06-30,2021-09-08,-243000000.0,22343000000.0,,4705000000.0,17638000000.0,,-1.508,-69000000.0,403000000.0,403000000.0,0.0,108000000.0,1.081,-132.065,14867000000.0,663000000.0,14204000000.0,14867000000.0,0.0,194000000.0,0.0,0.0,0.0,324000000.0,518000000.0,0.115,518000000.0,324000000.0,70000000.0,0.25,0.25,0.25,-154000000.0,,-154000000.0,17340844315.0,19.0,9.903,279000000.0,2.731,1.0,4506000000.0,1.0,9011000000.0,254000000.0,23442000000.0,,298000000.0,1416000000.0,0.0,1416000000.0,20338000000.0,4354000000.0,15984000000.0,3425844315.0,-571000000.0,-73000000.0,5000000.0,-63000000.0,0.0,-771000000.0,-148000000.0,2000000.0,348000000.0,0.0,26000000.0,26000000.0,26000000.0,0.0,82000000.0,0.006,4139000000.0,367000000.0,1047000000.0,0.0,-22.246,-7.274,-7.173,6863000000.0,0.0,33.57,0.183,0.183,2483000000.0,-2222000000.0,4506000000.0,4506000000.0,0.0,,,,,11000000.0,2135000000.0,1.0,102050769.0,102147000,104177000.0,44.113,13332000000.0,376000000.0,44000000.0,36000000.0,130.518,351000000.0
13,THC,MRQ,2018-03-31,2018-03-31,2018-03-31,2021-09-08,-239000000.0,23184000000.0,,5634000000.0,17550000000.0,,-0.641,282000000.0,974000000.0,974000000.0,0.0,191000000.0,1.235,-317.323,14889000000.0,666000000.0,14223000000.0,14889000000.0,0.0,204000000.0,0.0,0.0,0.0,424000000.0,628000000.0,0.134,628000000.0,424000000.0,169000000.0,0.98,0.96,0.98,-65000000.0,,-65000000.0,16777867909.0,21.0,10.181,395000000.0,3.896,1.0,4699000000.0,1.0,8828000000.0,255000000.0,23710000000.0,,294000000.0,1433000000.0,0.0,1433000000.0,20626000000.0,4561000000.0,16065000000.0,2451867909.0,363000000.0,-16000000.0,9000000.0,-84000000.0,0.0,-123000000.0,373000000.0,104000000.0,113000000.0,0.0,99000000.0,99000000.0,99000000.0,0.0,92000000.0,0.021,4207000000.0,492000000.0,1059000000.0,0.0,-37.721,-4.442,-4.425,6906000000.0,0.0,24.25,0.129,0.129,2519000000.0,-2248000000.0,4699000000.0,4699000000.0,0.0,,,,,9000000.0,2227000000.0,1.0,101107955.0,101392000,102656000.0,46.345,14356000000.0,403000000.0,70000000.0,36000000.0,141.589,1073000000.0
14,THC,MRQ,2017-12-31,2017-12-31,2017-12-31,2021-09-08,-204000000.0,23385000000.0,,5573000000.0,17812000000.0,,-1.456,-214000000.0,611000000.0,611000000.0,0.0,-99000000.0,1.286,-142.721,14937000000.0,146000000.0,14791000000.0,14937000000.0,0.0,208000000.0,0.0,0.0,0.0,348000000.0,556000000.0,0.112,556000000.0,348000000.0,95000000.0,-2.27,-2.27,-2.27,-147000000.0,,-147000000.0,15982202934.0,29.0,11.311,277000000.0,2.744,1.0,4978000000.0,1.0,8784000000.0,253000000.0,24595000000.0,,289000000.0,1543000000.0,0.0,1543000000.0,20980000000.0,4332000000.0,16648000000.0,1530202934.0,182000000.0,-9000000.0,2000000.0,-33000000.0,0.0,-103000000.0,-206000000.0,-1000000.0,491000000.0,0.0,-229000000.0,-229000000.0,-229000000.0,-1000000.0,130000000.0,-0.046,4542000000.0,436000000.0,1175000000.0,0.0,-10.41,-2.174,-2.166,7030000000.0,0.0,15.16,0.08,0.08,2616000000.0,-2390000000.0,4978000000.0,4978000000.0,0.0,,,,,15000000.0,2284000000.0,1.0,100936869.0,100943000,100943000.0,49.315,14601000000.0,460000000.0,324000000.0,36000000.0,144.646,1241000000.0
15,THC,MRQ,2017-09-30,2017-09-30,2017-09-30,2021-09-08,-238000000.0,23208000000.0,,5309000000.0,17899000000.0,,0.238,608000000.0,429000000.0,429000000.0,0.0,-289000000.0,1.283,862.375,14881000000.0,140000000.0,14741000000.0,14881000000.0,0.0,219000000.0,0.0,0.0,0.0,-170000000.0,49000000.0,0.011,49000000.0,-170000000.0,-427000000.0,-3.64,-3.64,-3.64,24000000.0,,24000000.0,16336481456.0,44.0,13.059,916000000.0,9.086,1.0,4586000000.0,1.0,8786000000.0,257000000.0,24735000000.0,,297000000.0,1253000000.0,0.0,1253000000.0,20697000000.0,4139000000.0,16558000000.0,1656481456.0,-46000000.0,-15000000.0,2000000.0,-152000000.0,0.0,-889000000.0,535000000.0,-58000000.0,308000000.0,0.0,-367000000.0,-367000000.0,-367000000.0,1000000.0,78000000.0,-0.08,4573000000.0,13000000.0,1100000000.0,0.0,69.02,-2.99,-2.982,7077000000.0,0.0,16.43,0.087,0.087,2567000000.0,-2161000000.0,4586000000.0,4586000000.0,0.0,,,,,15000000.0,2264000000.0,1.0,100820539.0,100812000,100812000.0,45.491,14422000000.0,797000000.0,-60000000.0,0.0,143.058,1170000000.0
16,THC,MRQ,2017-06-30,2017-06-30,2017-06-30,2021-09-08,-242000000.0,24341000000.0,,5382000000.0,18959000000.0,,3.707,-96000000.0,475000000.0,475000000.0,0.0,32000000.0,1.241,57.654,15155000000.0,143000000.0,15012000000.0,15155000000.0,0.0,222000000.0,0.0,0.0,0.0,193000000.0,415000000.0,0.086,415000000.0,193000000.0,-67000000.0,-0.55,-0.55,-0.55,373000000.0,,373000000.0,16590257394.0,21.0,10.043,119000000.0,1.183,1.0,4802000000.0,1.0,8963000000.0,260000000.0,25721000000.0,,316000000.0,1238000000.0,0.0,1238000000.0,21505000000.0,4337000000.0,17168000000.0,1944257394.0,-97000000.0,-20000000.0,1000000.0,-136000000.0,0.0,-193000000.0,-119000000.0,6000000.0,215000000.0,0.0,-55000000.0,-55000000.0,-55000000.0,-1000000.0,87000000.0,-0.011,4520000000.0,282000000.0,1086000000.0,0.0,5.212,-9.971,-9.918,7738000000.0,0.0,19.34,0.101,0.101,2706000000.0,-1794000000.0,4802000000.0,4802000000.0,0.0,,,,,16000000.0,2346000000.0,1.0,100530372.0,100612000,100612000.0,47.728,15378000000.0,1027000000.0,-12000000.0,296000000.0,152.845,1045000000.0
17,THC,MRQ,2017-03-31,2017-03-31,2017-03-31,2021-09-08,-255000000.0,24510000000.0,,5052000000.0,19458000000.0,,4.3,-178000000.0,572000000.0,572000000.0,0.0,36000000.0,1.341,48.805,15218000000.0,147000000.0,15071000000.0,15218000000.0,0.0,221000000.0,0.0,0.0,0.0,172000000.0,393000000.0,0.082,393000000.0,172000000.0,-86000000.0,-0.53,-0.53,-0.53,430000000.0,,430000000.0,16306695934.0,21.0,9.98,8000000.0,0.08,1.0,4813000000.0,1.0,9292000000.0,258000000.0,26097000000.0,,324000000.0,1260000000.0,0.0,1260000000.0,20986000000.0,3767000000.0,17219000000.0,1767695934.0,-144000000.0,-6000000.0,2000000.0,-85000000.0,0.0,-141000000.0,-189000000.0,8000000.0,186000000.0,0.0,-53000000.0,-53000000.0,-53000000.0,1000000.0,89000000.0,-0.011,4575000000.0,238000000.0,1179000000.0,0.0,4.111,-9.504,-9.522,7976000000.0,0.0,17.71,0.091,0.091,2960000000.0,-1739000000.0,4813000000.0,4813000000.0,0.0,,,,,13000000.0,2380000000.0,1.0,99813435.0,100000000,100000000.0,48.13,15218000000.0,956000000.0,-33000000.0,289000000.0,152.18,1285000000.0
18,THC,MRQ,2016-12-31,2016-12-31,2016-12-31,2021-09-08,-258000000.0,24701000000.0,,5257000000.0,19444000000.0,,4.184,-261000000.0,716000000.0,716000000.0,0.0,23000000.0,1.303,50.902,15255000000.0,191000000.0,15064000000.0,15255000000.0,0.0,218000000.0,0.0,0.0,0.0,176000000.0,394000000.0,0.081,394000000.0,176000000.0,-73000000.0,-0.79,-0.79,-0.79,417000000.0,,417000000.0,15336593402.0,18.0,9.0,-554000000.0,-5.559,1.0,4860000000.0,1.0,9270000000.0,249000000.0,25936000000.0,,326000000.0,1250000000.0,0.0,1250000000.0,21226000000.0,4034000000.0,17192000000.0,1478593402.0,67000000.0,-21000000.0,0.0,703000000.0,0.0,640000000.0,-280000000.0,24000000.0,-293000000.0,0.0,-79000000.0,-79000000.0,-79000000.0,-5000000.0,102000000.0,-0.016,4626000000.0,234000000.0,1329000000.0,0.0,3.546,-7.701,-7.689,8053000000.0,0.0,14.84,0.075,0.075,2897000000.0,-1742000000.0,4860000000.0,4860000000.0,0.0,,,,,17000000.0,2316000000.0,1.0,99635674.0,99654000,99654000.0,48.769,15431000000.0,875000000.0,6000000.0,279000000.0,154.846,1223000000.0
19,THC,MRQ,2016-09-30,2016-09-30,2016-09-30,2021-09-08,-200000000.0,24474000000.0,,5116000000.0,19358000000.0,,5.305,-201000000.0,649000000.0,649000000.0,0.0,80000000.0,1.125,39.777,14507000000.0,184000000.0,14323000000.0,14507000000.0,0.0,205000000.0,0.0,0.0,0.0,245000000.0,450000000.0,0.093,450000000.0,245000000.0,2000000.0,-0.08,-0.08,-0.08,528000000.0,,528000000.0,16100076067.0,18.0,9.269,68000000.0,0.683,1.0,4849000000.0,1.0,9229000000.0,243000000.0,24556000000.0,,322000000.0,1324000000.0,0.0,1324000000.0,21002000000.0,4547000000.0,16455000000.0,2255076067.0,-7000000.0,-2000000.0,1000000.0,-33000000.0,0.0,-72000000.0,-204000000.0,10000000.0,269000000.0,0.0,-8000000.0,-8000000.0,-8000000.0,-1000000.0,88000000.0,-0.002,4541000000.0,308000000.0,1228000000.0,0.0,4.271,-10.738,-10.689,7965000000.0,0.0,22.66,0.114,0.114,2786000000.0,-1663000000.0,4849000000.0,4849000000.0,0.0,,,,,16000000.0,2308000000.0,1.0,99517920.0,99523000,99523000.0,48.722,15245000000.0,851000000.0,10000000.0,320000000.0,153.181,569000000.0
20,THC,MRQ,2016-06-30,2016-06-30,2016-06-30,2021-09-08,-203000000.0,24240000000.0,,4993000000.0,19247000000.0,,5.265,-205000000.0,656000000.0,656000000.0,0.0,39000000.0,1.127,39.795,14501000000.0,181000000.0,14320000000.0,14501000000.0,0.0,215000000.0,0.0,0.0,0.0,182000000.0,397000000.0,0.082,397000000.0,182000000.0,-62000000.0,-0.46,-0.46,-0.46,523000000.0,,523000000.0,16538773892.0,19.0,9.717,230000000.0,2.315,1.0,4868000000.0,1.0,9156000000.0,244000000.0,24499000000.0,,316000000.0,1317000000.0,0.0,1317000000.0,20813000000.0,4430000000.0,16383000000.0,2744773892.0,-72000000.0,-65000000.0,3000000.0,-39000000.0,0.0,-241000000.0,-266000000.0,-5000000.0,435000000.0,0.0,-46000000.0,-46000000.0,-46000000.0,2000000.0,85000000.0,-0.009,4624000000.0,244000000.0,1272000000.0,0.0,5.248,-11.882,-11.863,7977000000.0,0.0,27.64,0.14,0.14,2734000000.0,-1655000000.0,4868000000.0,4868000000.0,0.0,,,,,19000000.0,2309000000.0,1.0,99304410.0,99341000,99341000.0,49.003,15084000000.0,800000000.0,-16000000.0,274000000.0,151.841,563000000.0
21,THC,MRQ,2016-03-31,2016-03-31,2016-03-31,2021-09-08,-160000000.0,23766000000.0,,5129000000.0,18637000000.0,,6.328,365000000.0,728000000.0,728000000.0,0.0,34000000.0,1.202,32.734,14522000000.0,172000000.0,14350000000.0,14522000000.0,0.0,212000000.0,0.0,0.0,0.0,251000000.0,463000000.0,0.092,463000000.0,251000000.0,8000000.0,-0.6,-0.6,-0.6,625000000.0,,625000000.0,17004454153.0,21.0,10.426,512000000.0,5.184,1.0,5044000000.0,1.0,8808000000.0,243000000.0,24484000000.0,,312000000.0,1142000000.0,0.0,1142000000.0,20459000000.0,4268000000.0,16191000000.0,2850454153.0,372000000.0,-29000000.0,0.0,-37000000.0,0.0,-95000000.0,320000000.0,-6000000.0,147000000.0,0.0,-59000000.0,-59000000.0,-59000000.0,0.0,93000000.0,-0.012,4714000000.0,330000000.0,1228000000.0,0.0,4.561,-11.587,-11.665,7961000000.0,0.0,28.93,0.148,0.148,2807000000.0,-1609000000.0,5044000000.0,5044000000.0,0.0,,,,,16000000.0,2395000000.0,1.0,98529352.0,98768000,98768000.0,51.069,14958000000.0,726000000.0,67000000.0,0.0,151.446,861000000.0
22,THC,MRQ,2015-12-31,2015-12-31,2015-12-31,2021-09-08,-164000000.0,23682000000.0,,5171000000.0,18511000000.0,,6.967,245000000.0,356000000.0,356000000.0,0.0,2000000.0,1.2,29.606,14510000000.0,127000000.0,14383000000.0,14510000000.0,0.0,208000000.0,0.0,0.0,0.0,219000000.0,427000000.0,0.085,427000000.0,219000000.0,-29000000.0,-0.98,-0.98,-0.98,691000000.0,,691000000.0,17323977002.0,21.0,10.583,436000000.0,4.396,1.0,5026000000.0,1.0,8645000000.0,248000000.0,24883000000.0,,309000000.0,1175000000.0,0.0,1175000000.0,20458000000.0,4308000000.0,16150000000.0,3019977002.0,-94000000.0,-220000000.0,-40000000.0,-202000000.0,0.0,-240000000.0,-45000000.0,-74000000.0,191000000.0,0.0,-97000000.0,-97000000.0,-97000000.0,-1000000.0,99000000.0,-0.019,4741000000.0,285000000.0,1380000000.0,0.0,4.37,-21.571,-21.489,7915000000.0,0.0,30.3,0.162,0.161,2704000000.0,-1550000000.0,5026000000.0,5026000000.0,0.0,,,,,19000000.0,2422000000.0,1.0,99669208.0,99188000,99188000.0,50.671,15037000000.0,783000000.0,68000000.0,37000000.0,151.601,863000000.0
23,THC,MRQ,2015-09-30,2015-09-30,2015-09-30,2021-09-08,-173000000.0,23173000000.0,,6296000000.0,16877000000.0,,8.057,-179000000.0,450000000.0,450000000.0,0.0,28000000.0,1.538,25.527,14754000000.0,112000000.0,14642000000.0,14754000000.0,0.0,185000000.0,0.0,0.0,0.0,230000000.0,415000000.0,0.088,415000000.0,230000000.0,-18000000.0,-0.29,-0.29,-0.29,802000000.0,,802000000.0,18130907347.0,19.0,10.261,303000000.0,3.044,1.0,4692000000.0,1.0,8436000000.0,248000000.0,24948000000.0,,275000000.0,1029000000.0,0.0,1029000000.0,20473000000.0,4093000000.0,16380000000.0,3675907347.0,151000000.0,-84000000.0,6000000.0,8000000.0,0.0,-44000000.0,-287000000.0,-9000000.0,482000000.0,0.0,-29000000.0,-29000000.0,-29000000.0,1000000.0,57000000.0,-0.006,4433000000.0,259000000.0,1206000000.0,0.0,4.583,204.217,184.6,7330000000.0,0.0,36.92,0.203,0.203,2525000000.0,-1453000000.0,4692000000.0,4692000000.0,0.0,,,,,17000000.0,2258000000.0,1.0,99564121.0,99537000,99537000.0,47.138,14737000000.0,740000000.0,11000000.0,0.0,148.055,2203000000.0
24,THC,MRQ,2015-06-30,2015-06-30,2015-06-30,2021-09-08,-177000000.0,22746000000.0,,6009000000.0,16737000000.0,,8.091,-175000000.0,299000000.0,299000000.0,0.0,-28000000.0,1.592,25.077,14754000000.0,117000000.0,14637000000.0,14754000000.0,0.0,197000000.0,0.0,0.0,0.0,129000000.0,326000000.0,0.073,326000000.0,129000000.0,-88000000.0,-0.61,-0.61,-0.61,803000000.0,,803000000.0,17892055254.0,20.0,10.306,235000000.0,2.368,1.0,4492000000.0,1.0,8496000000.0,217000000.0,24931000000.0,,261000000.0,1017000000.0,0.0,1017000000.0,20137000000.0,3774000000.0,16363000000.0,5743055254.0,114000000.0,-625000000.0,2000000.0,508000000.0,0.0,502000000.0,-798000000.0,3000000.0,410000000.0,0.0,-61000000.0,-61000000.0,-61000000.0,1000000.0,33000000.0,-0.014,4344000000.0,148000000.0,1149000000.0,0.0,7.152,102.555,99.793,7135000000.0,0.0,57.88,0.327,0.327,2505000000.0,-1424000000.0,4492000000.0,4492000000.0,0.0,,,,,18000000.0,2185000000.0,1.0,99223484.0,99244000,99244000.0,45.262,14250000000.0,753000000.0,-27000000.0,0.0,143.586,2235000000.0
25,THC,MRQ,2015-03-31,2015-03-31,2015-03-31,2021-09-08,-179000000.0,18425000000.0,,5124000000.0,13301000000.0,,8.501,-184000000.0,185000000.0,185000000.0,0.0,76000000.0,1.372,20.554,12334000000.0,510000000.0,11824000000.0,12334000000.0,0.0,207000000.0,0.0,0.0,0.0,262000000.0,469000000.0,0.106,469000000.0,262000000.0,63000000.0,0.48,0.47,0.48,839000000.0,,839000000.0,16490448436.0,18.0,9.207,-241000000.0,-2.442,1.0,4424000000.0,1.0,5352000000.0,199000000.0,21488000000.0,,268000000.0,355000000.0,0.0,355000000.0,17245000000.0,3734000000.0,13511000000.0,4876448436.0,-8000000.0,-11000000.0,7000000.0,495000000.0,0.0,236000000.0,-187000000.0,6000000.0,-57000000.0,0.0,47000000.0,47000000.0,47000000.0,0.0,29000000.0,0.011,4138000000.0,286000000.0,1098000000.0,0.0,5.812,53.587,53.815,7528000000.0,0.0,49.51,0.285,0.286,2468000000.0,-1363000000.0,4424000000.0,4424000000.0,0.0,,,,,15000000.0,2125000000.0,1.0,98494212.0,98699000,100872000.0,44.823,13073000000.0,786000000.0,16000000.0,0.0,132.453,1390000000.0
26,THC,MRQ,2014-12-31,2014-12-31,2014-12-31,2021-09-08,-182000000.0,17951000000.0,,3970000000.0,13981000000.0,,6.621,-197000000.0,193000000.0,193000000.0,0.0,81000000.0,1.11,25.753,11617000000.0,112000000.0,11505000000.0,11617000000.0,0.0,240000000.0,0.0,0.0,0.0,317000000.0,557000000.0,0.125,557000000.0,317000000.0,121000000.0,0.62,0.62,0.62,651000000.0,,651000000.0,16332855302.0,20.0,9.815,22000000.0,0.224,1.0,4465000000.0,1.0,5001000000.0,196000000.0,20797000000.0,,276000000.0,384000000.0,0.0,384000000.0,16765000000.0,3577000000.0,13188000000.0,4979855302.0,-7000000.0,-243000000.0,3000000.0,191000000.0,0.0,182000000.0,-408000000.0,38000000.0,219000000.0,0.0,61000000.0,61000000.0,61000000.0,-22000000.0,20000000.0,0.014,4131000000.0,334000000.0,1179000000.0,0.0,7.65,414.988,422.25,7733000000.0,0.0,50.67,0.3,0.298,2404000000.0,-1410000000.0,4465000000.0,4465000000.0,0.0,,,,,10000000.0,2118000000.0,1.0,98280152.0,98329000,108273000.0,45.409,12950000000.0,865000000.0,60000000.0,0.0,131.701,393000000.0
27,THC,MRQ,2014-09-30,2014-09-30,2014-09-30,2021-09-08,-20000000.0,17312000000.0,,4201000000.0,13111000000.0,,7.497,-207000000.0,200000000.0,200000000.0,0.0,18000000.0,1.336,21.837,11553000000.0,98000000.0,11455000000.0,11553000000.0,0.0,207000000.0,0.0,0.0,0.0,177000000.0,384000000.0,0.092,384000000.0,177000000.0,-9000000.0,0.09,0.09,0.09,735000000.0,,735000000.0,16973207840.0,26.0,11.722,14000000.0,0.143,1.0,4175000000.0,1.0,4896000000.0,186000000.0,20624000000.0,,270000000.0,366000000.0,0.0,366000000.0,16050000000.0,3145000000.0,12905000000.0,5815207840.0,-206000000.0,-143000000.0,12000000.0,-94000000.0,0.0,-89000000.0,-338000000.0,-1000000.0,221000000.0,0.0,9000000.0,9000000.0,9000000.0,1000000.0,9000000.0,0.002,3968000000.0,207000000.0,1068000000.0,0.0,7.912,-79.66,-78.145,7749000000.0,0.0,59.39,0.363,0.364,2238000000.0,-1471000000.0,4175000000.0,4175000000.0,0.0,,,,,15000000.0,2028000000.0,1.0,97915606.0,98036000,100926000.0,42.586,12416000000.0,847000000.0,-18000000.0,0.0,126.647,1056000000.0
28,THC,MRQ,2014-06-30,2014-06-30,2014-06-30,2021-09-08,-20000000.0,16907000000.0,,4208000000.0,12699000000.0,,7.402,-242000000.0,406000000.0,406000000.0,0.0,-7000000.0,1.243,21.794,11564000000.0,622000000.0,10942000000.0,11564000000.0,0.0,209000000.0,0.0,0.0,0.0,172000000.0,381000000.0,0.094,381000000.0,172000000.0,-18000000.0,-0.27,-0.27,-0.27,723000000.0,,723000000.0,15676853412.0,26.0,11.894,24000000.0,0.246,1.0,4038000000.0,1.0,4441000000.0,190000000.0,20240000000.0,,264000000.0,362000000.0,0.0,362000000.0,15757000000.0,3384000000.0,12373000000.0,4583853412.0,265000000.0,-33000000.0,5000000.0,275000000.0,0.0,284000000.0,-285000000.0,0.0,266000000.0,0.0,-26000000.0,-26000000.0,-26000000.0,16000000.0,19000000.0,-0.006,3835000000.0,203000000.0,1015000000.0,0.0,6.34,-84.886,-82.351,7771000000.0,0.0,46.94,0.322,0.322,2171000000.0,-1480000000.0,4038000000.0,4038000000.0,0.0,,,,,14000000.0,1956000000.0,1.0,97653460.0,97677000,97677000.0,41.34,12466000000.0,792000000.0,8000000.0,0.0,127.625,824000000.0
29,THC,MRQ,2014-03-31,2014-03-31,2014-03-31,2021-09-08,-23000000.0,16484000000.0,,3978000000.0,12506000000.0,,7.493,-281000000.0,141000000.0,141000000.0,0.0,-16000000.0,1.192,21.103,11234000000.0,622000000.0,10612000000.0,11234000000.0,0.0,193000000.0,0.0,0.0,0.0,149000000.0,342000000.0,0.087,342000000.0,149000000.0,-33000000.0,-0.33,-0.33,-0.33,728000000.0,,728000000.0,14878126146.0,32.0,13.7,-300000000.0,-3.088,1.0,3926000000.0,1.0,4299000000.0,182000000.0,19942000000.0,,261000000.0,355000000.0,0.0,355000000.0,15363000000.0,3336000000.0,12027000000.0,4152126146.0,28000000.0,-9000000.0,6000000.0,341000000.0,0.0,338000000.0,-291000000.0,3000000.0,-19000000.0,0.0,-32000000.0,-32000000.0,-32000000.0,0.0,16000000.0,-0.008,3756000000.0,170000000.0,1019000000.0,0.0,5.703,-53.232,-54.19,7723000000.0,0.0,42.81,0.329,0.329,2141000000.0,-1454000000.0,3926000000.0,3926000000.0,0.0,,,,,12000000.0,1921000000.0,1.0,96989632.0,97161000,97161000.0,40.407,12185000000.0,725000000.0,-1000000.0,0.0,125.41,642000000.0
30,THC,MRQ,2013-12-31,2013-12-31,2013-12-31,2021-09-08,-24000000.0,16450000000.0,,3692000000.0,12758000000.0,,7.658,-284000000.0,113000000.0,113000000.0,0.0,-14000000.0,1.194,20.175,10849000000.0,153000000.0,10696000000.0,10849000000.0,0.0,191000000.0,0.0,0.0,0.0,150000000.0,341000000.0,0.088,341000000.0,150000000.0,-32000000.0,-0.25,-0.25,-0.25,755000000.0,,755000000.0,9920428478.0,36.0,12.098,-29000000.0,-0.294,1.0,3870000000.0,1.0,4671000000.0,182000000.0,19422000000.0,,260000000.0,357000000.0,0.0,357000000.0,15232000000.0,3093000000.0,12139000000.0,4179428478.0,31000000.0,-1373000000.0,-100000000.0,1495000000.0,0.0,1431000000.0,-1655000000.0,5000000.0,255000000.0,0.0,-24000000.0,-24000000.0,-24000000.0,0.0,10000000.0,-0.006,3718000000.0,152000000.0,1085000000.0,0.0,5.536,-31.19,-31.909,7582000000.0,0.0,42.12,0.377,0.386,1890000000.0,-1422000000.0,3870000000.0,3870000000.0,0.0,,,,,10000000.0,1872000000.0,1.0,99226697.0,98585000,98585000.0,39.255,11779000000.0,840000000.0,-8000000.0,0.0,119.481,599000000.0
31,THC,MRQ,2013-09-30,2013-09-30,2013-09-30,2021-09-08,-68000000.0,9337000000.0,,2560000000.0,6777000000.0,,8.177,-131000000.0,82000000.0,82000000.0,0.0,36000000.0,1.447,10.102,5823000000.0,133000000.0,5690000000.0,5823000000.0,0.0,119000000.0,0.0,0.0,0.0,135000000.0,254000000.0,0.105,254000000.0,135000000.0,44000000.0,0.28,0.27,0.28,825000000.0,,825000000.0,9730233108.0,31.0,12.364,75000000.0,0.743,1.0,2408000000.0,1.0,1843000000.0,91000000.0,11466000000.0,,154000000.0,184000000.0,0.0,184000000.0,8334000000.0,1769000000.0,6565000000.0,4185233108.0,-8000000.0,-126000000.0,-107000000.0,157000000.0,0.0,35000000.0,-249000000.0,3000000.0,206000000.0,0.0,28000000.0,28000000.0,28000000.0,0.0,8000000.0,0.012,2260000000.0,148000000.0,618000000.0,0.0,5.073,-68.61,-68.65,4354000000.0,0.0,41.19,0.438,0.435,1380000000.0,-1398000000.0,2408000000.0,2408000000.0,0.0,,,,,7000000.0,1172000000.0,1.0,101607990.0,100894000,103098000.0,23.867,7494000000.0,757000000.0,16000000.0,0.0,74.276,791000000.0
32,THC,MRQ,2013-06-30,2013-06-30,2013-06-30,2021-09-08,-68000000.0,9156000000.0,,2574000000.0,6582000000.0,,8.688,-123000000.0,90000000.0,90000000.0,0.0,-43000000.0,1.552,9.045,5635000000.0,71000000.0,5564000000.0,5635000000.0,0.0,121000000.0,0.0,0.0,0.0,28000000.0,149000000.0,0.062,149000000.0,28000000.0,-70000000.0,-0.49,-0.49,-0.49,895000000.0,,895000000.0,10103398820.0,30.0,12.725,37000000.0,0.359,1.0,2422000000.0,1.0,1670000000.0,98000000.0,11373000000.0,,153000000.0,166000000.0,0.0,166000000.0,8095000000.0,1658000000.0,6437000000.0,4771398820.0,-5000000.0,-11000000.0,-86000000.0,2000000.0,0.0,-9000000.0,-156000000.0,0.0,160000000.0,0.0,-50000000.0,-50000000.0,-50000000.0,0.0,7000000.0,-0.021,2220000000.0,202000000.0,587000000.0,0.0,5.331,-97.375,-92.2,4326000000.0,0.0,46.1,0.51,0.507,1369000000.0,-1426000000.0,2422000000.0,2422000000.0,0.0,,,,,8000000.0,1166000000.0,1.0,103501059.0,103010000,103010000.0,23.512,7486000000.0,782000000.0,-20000000.0,0.0,72.673,916000000.0
33,THC,MRQ,2013-03-31,2013-03-31,2013-03-31,2021-09-08,-68000000.0,8915000000.0,,2443000000.0,6472000000.0,,9.308,-133000000.0,95000000.0,95000000.0,0.0,-83000000.0,1.577,8.084,5427000000.0,52000000.0,5375000000.0,5427000000.0,0.0,114000000.0,0.0,0.0,0.0,-38000000.0,76000000.0,0.032,76000000.0,-38000000.0,-141000000.0,-0.85,-0.85,-0.85,969000000.0,,969000000.0,9849910894.0,24.0,11.467,-165000000.0,-1.585,1.0,2387000000.0,1.0,1618000000.0,103000000.0,11080000000.0,,152000000.0,163000000.0,0.0,163000000.0,7833000000.0,1549000000.0,6284000000.0,4961910894.0,-269000000.0,-5000000.0,-85000000.0,-29000000.0,0.0,-133000000.0,-104000000.0,3000000.0,-32000000.0,0.0,-88000000.0,-88000000.0,-88000000.0,0.0,5000000.0,-0.037,2241000000.0,146000000.0,625000000.0,0.0,5.121,-992.382,-679.714,4296000000.0,0.0,47.58,0.539,0.538,1383000000.0,-1376000000.0,2387000000.0,2387000000.0,0.0,,,,,11000000.0,1161000000.0,1.0,104285643.0,104103000,104103000.0,22.929,7297000000.0,753000000.0,-53000000.0,0.0,70.094,894000000.0
34,THC,MRQ,2012-12-31,2012-12-31,2012-12-31,2021-09-08,-68000000.0,9044000000.0,,2681000000.0,6363000000.0,,10.787,-148000000.0,364000000.0,364000000.0,0.0,54000000.0,1.521,6.833,5252000000.0,94000000.0,5158000000.0,5252000000.0,0.0,116000000.0,0.0,0.0,0.0,192000000.0,308000000.0,0.132,308000000.0,192000000.0,83000000.0,0.46,0.44,0.46,1143000000.0,,1143000000.0,8125258641.0,12.0,7.475,108000000.0,1.019,1.0,2331000000.0,1.0,1566000000.0,109000000.0,10603000000.0,,153000000.0,162000000.0,0.0,162000000.0,7810000000.0,1763000000.0,6047000000.0,3457258641.0,281000000.0,-173000000.0,-94000000.0,453000000.0,0.0,341000000.0,-316000000.0,8000000.0,256000000.0,0.0,48000000.0,49000000.0,49000000.0,0.0,6000000.0,0.021,2120000000.0,211000000.0,722000000.0,0.0,3.025,24.52,24.052,4293000000.0,0.0,32.47,0.379,0.371,1345000000.0,-1288000000.0,2331000000.0,2331000000.0,0.0,,,,,8000000.0,1091000000.0,1.0,106475474.0,105961000,114992000.0,21.999,7478000000.0,703000000.0,35000000.0,0.0,70.573,918000000.0
35,THC,MRQ,2012-09-30,2012-09-30,2012-09-30,2021-09-08,-49000000.0,8470000000.0,,2484000000.0,5986000000.0,,11.742,-73000000.0,83000000.0,83000000.0,0.0,32000000.0,1.358,5.87,4751000000.0,243000000.0,4508000000.0,4751000000.0,0.0,110000000.0,0.0,0.0,0.0,151000000.0,261000000.0,0.118,261000000.0,151000000.0,48000000.0,0.38,0.37,0.38,1224000000.0,,1224000000.0,7278975450.0,15.0,8.106,63000000.0,0.604,1.0,2221000000.0,1.0,1349000000.0,103000000.0,9960000000.0,,154000000.0,126000000.0,0.0,126000000.0,7185000000.0,1829000000.0,5356000000.0,2612975450.0,1000000.0,-25000000.0,1000000.0,-34000000.0,0.0,-37000000.0,-98000000.0,4000000.0,136000000.0,0.0,30000000.0,40000000.0,40000000.0,0.0,2000000.0,0.018,2068000000.0,153000000.0,629000000.0,0.0,2.135,163.311,96.462,4173000000.0,1000000.0,25.08,0.292,0.292,1338000000.0,-1337000000.0,2221000000.0,2221000000.0,0.0,,,,,7000000.0,1050000000.0,1.0,104185624.0,104244000,107311000.0,21.306,7121000000.0,745000000.0,18000000.0,0.0,68.311,655000000.0
36,THC,MRQ,2012-06-30,2012-06-30,2012-06-30,2021-09-08,-49000000.0,8485000000.0,,2564000000.0,5921000000.0,,11.335,-106000000.0,82000000.0,82000000.0,0.0,-20000000.0,1.37,6.156,4748000000.0,237000000.0,4511000000.0,4748000000.0,0.0,104000000.0,0.0,0.0,0.0,110000000.0,214000000.0,0.094,214000000.0,110000000.0,8000000.0,-0.06,-0.06,-0.06,1176000000.0,,1176000000.0,6647377924.0,16.0,8.186,137000000.0,1.32,1.0,2265000000.0,1.0,1275000000.0,102000000.0,10004000000.0,,154000000.0,120000000.0,0.0,120000000.0,7240000000.0,1872000000.0,5368000000.0,2168377924.0,-22000000.0,-10000000.0,2000000.0,146000000.0,0.0,-153000000.0,-112000000.0,2000000.0,243000000.0,0.0,-22000000.0,-6000000.0,-6000000.0,0.0,2000000.0,-0.003,2085000000.0,180000000.0,644000000.0,0.0,1.844,-120.465,-299.429,4181000000.0,4000000.0,20.96,0.245,0.246,1356000000.0,-1378000000.0,2265000000.0,2265000000.0,0.0,,,,,9000000.0,1054000000.0,1.0,103453145.0,103753000,106927000.0,21.831,7210000000.0,767000000.0,30000000.0,0.0,69.492,692000000.0
37,THC,MRQ,2012-03-31,2012-03-31,2012-03-31,2021-09-08,-49000000.0,8545000000.0,,2482000000.0,6063000000.0,,14.196,-136000000.0,104000000.0,104000000.0,0.0,67000000.0,1.349,4.793,4583000000.0,288000000.0,4295000000.0,4583000000.0,0.0,100000000.0,0.0,0.0,0.0,204000000.0,304000000.0,0.132,304000000.0,204000000.0,106000000.0,0.56,0.53,0.56,1460000000.0,,1460000000.0,6424065974.0,13.0,7.359,-178000000.0,-1.731,1.0,2302000000.0,1.0,1244000000.0,98000000.0,9940000000.0,,157000000.0,153000000.0,0.0,153000000.0,6998000000.0,1840000000.0,5158000000.0,2177065974.0,-9000000.0,-3000000.0,-24000000.0,199000000.0,0.0,169000000.0,-136000000.0,3000000.0,-42000000.0,0.0,64000000.0,58000000.0,58000000.0,0.0,3000000.0,0.025,2097000000.0,205000000.0,640000000.0,0.0,1.491,50.629,49.395,4324000000.0,6000000.0,21.24,0.25,0.251,1417000000.0,-1376000000.0,2302000000.0,2302000000.0,0.0,,,,,8000000.0,1062000000.0,1.0,102498398.0,102843000,121218000.0,22.384,7301000000.0,758000000.0,42000000.0,0.0,70.992,642000000.0
38,THC,MRQ,2011-12-31,2011-12-31,2011-12-31,2021-09-08,-52000000.0,8462000000.0,,2357000000.0,6105000000.0,,13.162,-177000000.0,113000000.0,113000000.0,0.0,-66000000.0,1.299,4.887,4360000000.0,66000000.0,4294000000.0,4360000000.0,0.0,100000000.0,0.0,0.0,0.0,19000000.0,119000000.0,0.055,119000000.0,19000000.0,-81000000.0,-0.62,-0.6,-0.62,1423000000.0,,1423000000.0,6138210385.0,12.0,6.694,-4000000.0,-0.037,1.0,2172000000.0,1.0,1225000000.0,100000000.0,9669000000.0,,161000000.0,156000000.0,0.0,156000000.0,6954000000.0,1815000000.0,5139000000.0,2228210385.0,-72000000.0,-28000000.0,-175000000.0,141000000.0,0.0,-66000000.0,-179000000.0,28000000.0,173000000.0,0.0,-69000000.0,-76000000.0,-76000000.0,0.0,3000000.0,-0.035,2017000000.0,155000000.0,760000000.0,0.0,1.566,38.417,41.878,4350000000.0,6000000.0,20.52,0.257,0.278,1278000000.0,-1440000000.0,2172000000.0,2172000000.0,0.0,,,,,7000000.0,1014000000.0,1.0,108587251.0,108116000,111782000.0,20.09,7237000000.0,799000000.0,-12000000.0,0.0,66.937,542000000.0
39,THC,MRQ,2011-09-30,2011-09-30,2011-09-30,2021-09-08,-43000000.0,8293000000.0,,2176000000.0,6117000000.0,,14.49,-100000000.0,185000000.0,185000000.0,0.0,15000000.0,1.296,3.837,4095000000.0,129000000.0,3966000000.0,4095000000.0,0.0,100000000.0,0.0,0.0,0.0,75000000.0,175000000.0,0.083,175000000.0,75000000.0,16000000.0,0.05,0.05,0.05,1698000000.0,,1698000000.0,5799309887.0,8.0,5.43,48000000.0,0.41,1.0,2100000000.0,1.0,1224000000.0,59000000.0,9300000000.0,,157000000.0,159000000.0,0.0,159000000.0,6516000000.0,1679000000.0,4837000000.0,1946309887.0,-79000000.0,-14000000.0,-124000000.0,-2000000.0,0.0,-134000000.0,-93000000.0,21000000.0,148000000.0,0.0,12000000.0,6000000.0,6000000.0,0.0,3000000.0,0.003,2021000000.0,79000000.0,629000000.0,0.0,1.146,9.357,9.728,4201000000.0,6000000.0,16.44,0.247,0.244,1221000000.0,-1370000000.0,2100000000.0,2100000000.0,0.0,,,,,5000000.0,1002000000.0,1.0,118388679.0,117188000,120908000.0,17.92,7069000000.0,787000000.0,4000000.0,0.0,60.322,497000000.0
40,THC,MRQ,2011-06-30,2011-06-30,2011-06-30,2021-09-08,-43000000.0,8435000000.0,,2314000000.0,6121000000.0,,14.873,-82000000.0,264000000.0,264000000.0,0.0,63000000.0,1.392,3.616,4117000000.0,128000000.0,3989000000.0,4117000000.0,0.0,97000000.0,0.0,0.0,0.0,178000000.0,275000000.0,0.129,275000000.0,178000000.0,80000000.0,0.44,0.44,0.44,1810000000.0,,1810000000.0,6869807850.0,11.0,6.625,96000000.0,0.789,1.0,2132000000.0,1.0,1169000000.0,98000000.0,9457000000.0,,156000000.0,171000000.0,0.0,171000000.0,6545000000.0,1662000000.0,4883000000.0,3054807850.0,-3000000.0,-24000000.0,-72000000.0,-1000000.0,0.0,-79000000.0,-102000000.0,5000000.0,178000000.0,0.0,61000000.0,55000000.0,55000000.0,0.0,2000000.0,0.026,1967000000.0,165000000.0,614000000.0,0.0,1.688,2.694,2.678,4238000000.0,6000000.0,24.96,0.379,0.377,1258000000.0,-1382000000.0,2132000000.0,2132000000.0,0.0,,,,,5000000.0,982000000.0,1.0,122388135.0,121698500,125937000.0,17.519,7266000000.0,793000000.0,19000000.0,0.0,59.705,652000000.0
41,THC,MRQ,2011-03-31,2011-03-31,2011-03-31,2021-09-08,-43000000.0,8524000000.0,,2393000000.0,6131000000.0,,15.149,-116000000.0,267000000.0,267000000.0,0.0,82000000.0,1.444,3.588,4082000000.0,68000000.0,4014000000.0,4082000000.0,0.0,101000000.0,0.0,0.0,0.0,248000000.0,349000000.0,0.152,349000000.0,248000000.0,130000000.0,0.6,0.56,0.6,1844000000.0,,1844000000.0,7279301187.0,12.0,7.158,-118000000.0,-0.969,1.0,2299000000.0,1.0,1118000000.0,118000000.0,9564000000.0,,156000000.0,165000000.0,3000000.0,162000000.0,6616000000.0,1657000000.0,4959000000.0,3620301187.0,-138000000.0,-18000000.0,0.0,-1000000.0,0.0,-7000000.0,-129000000.0,5000000.0,-2000000.0,0.0,79000000.0,73000000.0,73000000.0,0.0,3000000.0,0.032,2040000000.0,259000000.0,638000000.0,0.0,1.963,3.279,3.282,4262000000.0,6000000.0,29.8,0.44,0.441,1237000000.0,-1443000000.0,2299000000.0,2299000000.0,0.0,,,,,7000000.0,1035000000.0,1.0,121486617.0,121725500,141295250.0,18.887,7406000000.0,894000000.0,51000000.0,0.0,60.842,736000000.0
42,THC,MRQ,2010-12-31,2010-12-31,2010-12-31,2021-09-08,-43000000.0,8500000000.0,,2311000000.0,6189000000.0,,14.549,-196000000.0,405000000.0,405000000.0,0.0,82000000.0,1.34,3.783,4064000000.0,67000000.0,3997000000.0,4064000000.0,0.0,87000000.0,0.0,0.0,0.0,182000000.0,269000000.0,0.198,269000000.0,182000000.0,81000000.0,0.6,0.56,0.6,1766000000.0,,1766000000.0,6909220640.0,12.0,7.13,-21000000.0,-0.173,1.0,1361000000.0,1.0,1094000000.0,101000000.0,9340000000.0,,156000000.0,164000000.0,0.0,164000000.0,6681000000.0,1725000000.0,4956000000.0,3248220640.0,7000000.0,-21000000.0,0.0,0.0,0.0,-19000000.0,-149000000.0,53000000.0,175000000.0,0.0,79000000.0,74000000.0,74000000.0,0.0,3000000.0,0.054,1196000000.0,165000000.0,720000000.0,0.0,1.839,2.903,2.896,4304000000.0,6000000.0,26.76,0.393,0.392,1143000000.0,-1522000000.0,1361000000.0,1361000000.0,0.0,,,,,4000000.0,897000000.0,1.0,121383432.0,121386000,140482000.0,11.212,7406000000.0,931000000.0,2000000.0,0.0,61.012,586000000.0
43,THC,MRQ,2010-09-30,2010-09-30,2010-09-30,2021-09-08,-30000000.0,8535000000.0,,2444000000.0,6091000000.0,,14.105,-119000000.0,398000000.0,398000000.0,0.0,940000000.0,1.441,3.957,4059000000.0,2000000.0,4057000000.0,4059000000.0,0.0,101000000.0,0.0,0.0,0.0,43000000.0,144000000.0,0.064,144000000.0,43000000.0,-64000000.0,7.68,6.72,7.68,1711000000.0,,1711000000.0,5853263104.0,12.0,6.577,9000000.0,0.074,1.0,2262000000.0,1.0,1040000000.0,107000000.0,9460000000.0,,152000000.0,178000000.0,2000000.0,176000000.0,6771000000.0,1696000000.0,5075000000.0,2290263104.0,-313000000.0,-42000000.0,0.0,-274000000.0,0.0,-296000000.0,-145000000.0,15000000.0,128000000.0,0.0,938000000.0,932000000.0,932000000.0,0.0,2000000.0,0.412,2165000000.0,97000000.0,601000000.0,0.0,1.339,2.148,2.145,4239000000.0,6000000.0,18.88,0.27,0.27,1129000000.0,-1602000000.0,2262000000.0,2262000000.0,0.0,,,,,5000000.0,977000000.0,1.0,121306308.0,121302500,139962500.0,18.648,7495000000.0,964000000.0,-1002000000.0,0.0,61.788,748000000.0
44,THC,MRQ,2010-06-30,2010-06-30,2010-06-30,2021-09-08,-31000000.0,7834000000.0,,2435000000.0,5399000000.0,,6.372,-59000000.0,711000000.0,711000000.0,0.0,35000000.0,1.563,9.078,4274000000.0,2000000.0,4272000000.0,4274000000.0,0.0,97000000.0,0.0,0.0,0.0,158000000.0,255000000.0,0.111,255000000.0,158000000.0,51000000.0,0.2,0.2,0.2,772000000.0,,772000000.0,5785415301.0,10.0,6.058,132000000.0,1.09,1.0,2303000000.0,1.0,1008000000.0,107000000.0,8831000000.0,,152000000.0,182000000.0,2000000.0,180000000.0,7008000000.0,1558000000.0,5450000000.0,2101415301.0,122000000.0,-2000000.0,0.0,-5000000.0,0.0,-11000000.0,-58000000.0,4000000.0,191000000.0,0.0,31000000.0,25000000.0,25000000.0,0.0,4000000.0,0.011,2132000000.0,171000000.0,615000000.0,0.0,2.722,16.041,16.074,4211000000.0,6000000.0,17.36,0.248,0.248,1160000000.0,-2540000000.0,2303000000.0,2303000000.0,0.0,,,,,6000000.0,969000000.0,1.0,121049268.0,121152500,125637250.0,19.009,6826000000.0,120000000.0,20000000.0,160000000.0,56.342,877000000.0
45,THC,MRQ,2010-03-31,2010-03-31,2010-03-31,2021-09-08,-31000000.0,7815000000.0,,2386000000.0,5429000000.0,,6.134,-83000000.0,589000000.0,589000000.0,0.0,95000000.0,1.511,9.505,4273000000.0,2000000.0,4271000000.0,4273000000.0,0.0,95000000.0,0.0,0.0,0.0,206000000.0,301000000.0,0.129,301000000.0,206000000.0,97000000.0,0.72,0.68,0.72,739000000.0,,739000000.0,6336168802.0,12.0,6.986,-105000000.0,-0.872,1.0,2339000000.0,1.0,995000000.0,109000000.0,8925000000.0,,151000000.0,189000000.0,4000000.0,185000000.0,7024000000.0,1579000000.0,5445000000.0,2752168802.0,-101000000.0,0.0,0.0,-6000000.0,0.0,-11000000.0,-68000000.0,12000000.0,-22000000.0,0.0,94000000.0,88000000.0,88000000.0,0.0,1000000.0,0.038,2138000000.0,201000000.0,615000000.0,0.0,3.724,30.244,30.105,4249000000.0,6000000.0,22.88,0.328,0.328,1208000000.0,-2571000000.0,2339000000.0,2339000000.0,0.0,,,,,7000000.0,987000000.0,1.0,120287098.0,120479250,139807000.0,19.414,6820000000.0,133000000.0,3000000.0,153000000.0,56.607,807000000.0
46,THC,MRQ,2009-12-31,2009-12-31,2009-12-31,2021-09-08,-32000000.0,7953000000.0,,2472000000.0,5481000000.0,,5.371,-192000000.0,690000000.0,690000000.0,0.0,29000000.0,1.386,11.232,4274000000.0,2000000.0,4272000000.0,4274000000.0,0.0,95000000.0,0.0,0.0,0.0,95000000.0,190000000.0,0.121,190000000.0,95000000.0,-8000000.0,0.2,0.16,0.2,646000000.0,,646000000.0,6131288177.0,10.0,6.162,-51000000.0,-0.424,1.0,1565000000.0,1.0,986000000.0,103000000.0,8768000000.0,,153000000.0,195000000.0,13000000.0,182000000.0,7256000000.0,1783000000.0,5473000000.0,2593288177.0,-41000000.0,0.0,0.0,-6000000.0,0.0,-2000000.0,-180000000.0,12000000.0,141000000.0,0.0,27000000.0,21000000.0,21000000.0,0.0,2000000.0,0.013,1474000000.0,91000000.0,739000000.0,0.0,4.014,14.328,14.184,4313000000.0,6000000.0,21.56,0.312,0.311,1158000000.0,-2665000000.0,1565000000.0,1565000000.0,0.0,,,,,5000000.0,989000000.0,1.0,120282383.0,120283500,140011000.0,13.011,6967000000.0,143000000.0,-35000000.0,148000000.0,57.921,689000000.0
47,THC,MRQ,2009-09-30,2009-09-30,2009-09-30,2021-09-08,-27000000.0,7876000000.0,,2539000000.0,5337000000.0,,5.206,-91000000.0,731000000.0,731000000.0,0.0,-1000000.0,1.433,11.506,4269000000.0,2000000.0,4267000000.0,4269000000.0,0.0,97000000.0,0.0,0.0,0.0,112000000.0,209000000.0,0.092,209000000.0,112000000.0,0.0,-0.04,-0.04,-0.04,626000000.0,,626000000.0,6696778071.0,12.0,6.932,29000000.0,0.241,1.0,2262000000.0,1.0,984000000.0,112000000.0,8658000000.0,,153000000.0,200000000.0,19000000.0,181000000.0,7203000000.0,1772000000.0,5431000000.0,2828778071.0,-27000000.0,0.0,0.0,-384000000.0,0.0,-52000000.0,-95000000.0,-5000000.0,120000000.0,0.0,-3000000.0,-3000000.0,-3000000.0,0.0,2000000.0,-0.001,2129000000.0,133000000.0,638000000.0,0.0,4.519,22.274,21.778,4172000000.0,0.0,23.52,0.317,0.317,1195000000.0,-2692000000.0,2262000000.0,2262000000.0,0.0,,,,,5000000.0,954000000.0,1.0,120271176.0,120252000,124521000.0,18.81,6892000000.0,80000000.0,3000000.0,116000000.0,57.313,767000000.0
48,THC,MRQ,2009-06-30,2009-06-30,2009-06-30,2021-09-08,-31000000.0,7928000000.0,,2562000000.0,5366000000.0,,2.381,-101000000.0,758000000.0,758000000.0,0.0,-14000000.0,1.503,26.556,4626000000.0,2000000.0,4624000000.0,4626000000.0,0.0,98000000.0,0.0,0.0,0.0,109000000.0,207000000.0,0.093,207000000.0,109000000.0,-11000000.0,-0.12,-0.12,-0.12,286000000.0,,286000000.0,5342405792.0,8.0,5.054,69000000.0,0.574,1.0,2229000000.0,1.0,986000000.0,120000000.0,9105000000.0,,154000000.0,207000000.0,9000000.0,198000000.0,7595000000.0,1705000000.0,5890000000.0,1353405792.0,106000000.0,0.0,0.0,-15000000.0,0.0,-40000000.0,-24000000.0,74000000.0,170000000.0,0.0,-15000000.0,-15000000.0,-15000000.0,0.0,1000000.0,-0.007,2091000000.0,138000000.0,618000000.0,0.0,4.732,5.784,5.64,4182000000.0,0.0,11.28,0.154,0.154,1225000000.0,-2689000000.0,2229000000.0,2229000000.0,0.0,,,,,6000000.0,949000000.0,1.0,119982783.0,120111750,122061000.0,18.558,6942000000.0,83000000.0,4000000.0,114000000.0,57.796,857000000.0
49,THC,MRQ,2009-03-31,2009-03-31,2009-03-31,2021-09-08,-34000000.0,8092000000.0,,2631000000.0,5461000000.0,,2.433,149000000.0,652000000.0,652000000.0,0.0,183000000.0,1.434,26.646,4641000000.0,2000000.0,4639000000.0,4641000000.0,0.0,96000000.0,0.0,0.0,0.0,293000000.0,389000000.0,0.172,389000000.0,293000000.0,183000000.0,1.52,1.48,1.52,291000000.0,,291000000.0,4826791150.0,8.0,4.76,143000000.0,1.196,1.0,2262000000.0,1.0,970000000.0,110000000.0,9276000000.0,,158000000.0,262000000.0,7000000.0,255000000.0,7754000000.0,1835000000.0,5919000000.0,553791150.0,145000000.0,0.0,0.0,-1000000.0,0.0,-23000000.0,174000000.0,18000000.0,-6000000.0,0.0,178000000.0,178000000.0,178000000.0,0.0,5000000.0,0.079,2086000000.0,176000000.0,650000000.0,0.0,1.903,2.367,2.32,4236000000.0,0.0,4.64,0.064,0.064,1385000000.0,-2674000000.0,2262000000.0,2262000000.0,0.0,,,,,7000000.0,965000000.0,1.0,119351541.0,119593000,119878000.0,18.914,7122000000.0,87000000.0,5000000.0,106000000.0,59.552,796000000.0
50,THC,MRQ,2008-12-31,2008-12-31,2008-12-31,2021-09-08,-37000000.0,8174000000.0,,2709000000.0,5465000000.0,,0.864,-134000000.0,507000000.0,507000000.0,0.0,-29000000.0,1.39,77.932,4780000000.0,2000000.0,4778000000.0,4780000000.0,0.0,94000000.0,0.0,0.0,0.0,67000000.0,161000000.0,0.074,161000000.0,67000000.0,-39000000.0,-0.28,-0.28,-0.28,103000000.0,,103000000.0,4815746076.0,12.0,6.104,-67000000.0,-0.562,1.0,2177000000.0,1.0,932000000.0,106000000.0,9566000000.0,,161000000.0,258000000.0,16000000.0,242000000.0,8027000000.0,1949000000.0,6078000000.0,548746076.0,-5000000.0,0.0,0.0,-1000000.0,0.0,-1000000.0,-71000000.0,23000000.0,67000000.0,0.0,-33000000.0,-33000000.0,-33000000.0,0.0,4000000.0,-0.015,2079000000.0,98000000.0,686000000.0,0.0,5.328,21.95,23.0,4291000000.0,0.0,4.6,0.064,0.064,1337000000.0,-2852000000.0,2177000000.0,2177000000.0,0.0,,,,,6000000.0,957000000.0,1.0,119292625.0,119280750,119609500.0,18.251,7242000000.0,88000000.0,-6000000.0,101000000.0,60.714,760000000.0
51,THC,MRQ,2008-09-30,2008-09-30,2008-09-30,2021-09-08,-29000000.0,8294000000.0,,2836000000.0,5458000000.0,,1.141,-37000000.0,512000000.0,512000000.0,0.0,106000000.0,1.436,59.985,4779000000.0,2000000.0,4777000000.0,4779000000.0,0.0,94000000.0,0.0,0.0,0.0,206000000.0,300000000.0,0.14,300000000.0,206000000.0,100000000.0,0.88,0.88,0.88,136000000.0,,136000000.0,7071267572.0,18.0,9.28,114000000.0,0.956,1.0,2140000000.0,1.0,937000000.0,106000000.0,9649000000.0,,165000000.0,330000000.0,48000000.0,282000000.0,8158000000.0,1975000000.0,6183000000.0,2646267572.0,160000000.0,-89000000.0,0.0,1000000.0,0.0,1000000.0,8000000.0,177000000.0,151000000.0,0.0,104000000.0,104000000.0,104000000.0,0.0,2000000.0,0.049,2070000000.0,70000000.0,632000000.0,0.0,19.458,-155.663,-185.0,4239000000.0,0.0,22.2,0.314,0.314,1356000000.0,-2819000000.0,2140000000.0,2140000000.0,0.0,,,,,8000000.0,943000000.0,1.0,119201242.0,119224500,120197250.0,17.949,7357000000.0,111000000.0,-4000000.0,114000000.0,61.707,861000000.0
52,THC,MRQ,2008-06-30,2008-06-30,2008-06-30,2021-09-08,-26000000.0,8243000000.0,,2778000000.0,5465000000.0,,0.244,-51000000.0,352000000.0,352000000.0,0.0,-15000000.0,1.408,283.241,4777000000.0,2000000.0,4775000000.0,4777000000.0,0.0,93000000.0,0.0,0.0,0.0,71000000.0,164000000.0,0.078,164000000.0,71000000.0,-31000000.0,-0.12,-0.12,-0.12,29000000.0,,29000000.0,7160937724.0,28.0,11.915,72000000.0,0.605,1.0,2112000000.0,1.0,920000000.0,102000000.0,9775000000.0,,170000000.0,279000000.0,8000000.0,271000000.0,8214000000.0,1973000000.0,6241000000.0,2663937724.0,74000000.0,-3000000.0,0.0,0.0,0.0,1000000.0,-50000000.0,4000000.0,123000000.0,0.0,-15000000.0,-15000000.0,-15000000.0,0.0,0.0,-0.007,2047000000.0,65000000.0,643000000.0,0.0,91.86,-14.8,-15.027,4274000000.0,0.0,22.24,0.32,0.318,1450000000.0,-2923000000.0,2112000000.0,2112000000.0,0.0,,,,,9000000.0,934000000.0,1.0,119781372.0,119077000,119077000.0,17.736,7323000000.0,147000000.0,-16000000.0,147000000.0,61.498,805000000.0
53,THC,MRQ,2008-03-31,2008-03-31,2008-03-31,2021-09-08,-28000000.0,8174000000.0,,2317000000.0,5857000000.0,,0.269,-165000000.0,278000000.0,278000000.0,0.0,-30000000.0,1.237,254.438,4775000000.0,2000000.0,4773000000.0,4775000000.0,0.0,90000000.0,0.0,0.0,0.0,74000000.0,164000000.0,0.075,164000000.0,74000000.0,-30000000.0,-0.24,-0.24,-0.24,32000000.0,,32000000.0,6879682569.0,27.0,11.66,-298000000.0,-2.509,1.0,2178000000.0,1.0,913000000.0,104000000.0,9885000000.0,,182000000.0,336000000.0,14000000.0,322000000.0,8142000000.0,1873000000.0,6269000000.0,2679682569.0,-294000000.0,0.0,0.0,-1000000.0,0.0,0.0,-161000000.0,2000000.0,-133000000.0,0.0,-31000000.0,-31000000.0,-31000000.0,0.0,1000000.0,-0.014,2101000000.0,77000000.0,633000000.0,0.0,83.74,-13.742,-14.15,4622000000.0,0.0,22.64,0.324,0.325,1468000000.0,-2908000000.0,2178000000.0,2178000000.0,0.0,,,,,10000000.0,954000000.0,1.0,118360538.0,118766500,118766500.0,18.339,7261000000.0,91000000.0,1000000.0,139000000.0,61.137,444000000.0
54,THC,MRQ,2007-12-31,2007-12-31,2007-12-31,2021-09-08,-28000000.0,8393000000.0,,2560000000.0,5833000000.0,,0.455,-295000000.0,572000000.0,572000000.0,0.0,-70000000.0,1.25,154.426,4772000000.0,1000000.0,4771000000.0,4772000000.0,0.0,83000000.0,0.0,0.0,0.0,51000000.0,134000000.0,0.067,134000000.0,51000000.0,-53000000.0,-0.64,-0.64,-0.64,54000000.0,,54000000.0,6520424154.0,24.0,10.778,-183000000.0,-1.543,1.0,1993000000.0,1.0,900000000.0,104000000.0,9645000000.0,,183000000.0,308000000.0,20000000.0,288000000.0,8339000000.0,2048000000.0,6291000000.0,2408424154.0,-83000000.0,0.0,0.0,-1000000.0,0.0,2000000.0,-197000000.0,46000000.0,112000000.0,0.0,-75000000.0,-75000000.0,-75000000.0,-39000000.0,5000000.0,-0.038,1940000000.0,53000000.0,780000000.0,0.0,44.6,-27.061,-26.737,4645000000.0,0.0,20.32,0.298,0.298,1385000000.0,-2877000000.0,1993000000.0,1993000000.0,0.0,,,,,9000000.0,908000000.0,1.0,118524811.0,118571750,117525500.0,16.808,7493000000.0,94000000.0,22000000.0,119000000.0,63.194,512000000.0
55,THC,MRQ,2007-09-30,2007-09-30,2007-09-30,2021-09-08,-45000000.0,8235000000.0,,2593000000.0,5642000000.0,,0.852,-148000000.0,655000000.0,655000000.0,0.0,-59000000.0,1.384,80.535,4767000000.0,1000000.0,4766000000.0,4767000000.0,0.0,83000000.0,0.0,0.0,0.0,56000000.0,139000000.0,0.068,139000000.0,56000000.0,-49000000.0,-0.48,-0.48,-0.48,101000000.0,,101000000.0,5703182566.0,-211.0,19.138,-65000000.0,-0.549,1.0,2041000000.0,1.0,870000000.0,105000000.0,9604000000.0,,181000000.0,403000000.0,34000000.0,369000000.0,8134000000.0,1873000000.0,6261000000.0,1592182566.0,-20000000.0,0.0,0.0,-21000000.0,0.0,-21000000.0,-82000000.0,31000000.0,83000000.0,0.0,-59000000.0,-59000000.0,-59000000.0,18000000.0,0.0,-0.029,1977000000.0,64000000.0,637000000.0,0.0,15.764,-3.98,-4.0,4403000000.0,0.0,13.44,0.206,0.206,1354000000.0,-2802000000.0,2041000000.0,2041000000.0,0.0,,,,,10000000.0,906000000.0,1.0,118465965.0,118496000,118496000.0,17.224,7365000000.0,76000000.0,10000000.0,99000000.0,62.154,720000000.0
56,THC,MRQ,2007-06-30,2007-06-30,2007-06-30,2021-09-08,-46000000.0,8253000000.0,,2608000000.0,5645000000.0,,1.259,-141000000.0,675000000.0,675000000.0,0.0,-30000000.0,1.415,54.389,4786000000.0,22000000.0,4764000000.0,4786000000.0,0.0,81000000.0,0.0,0.0,0.0,72000000.0,153000000.0,0.074,153000000.0,72000000.0,-33000000.0,-0.24,-0.24,-0.24,149000000.0,,149000000.0,7279361261.0,-66.0,34.499,144000000.0,1.217,1.0,2054000000.0,1.0,874000000.0,105000000.0,9647000000.0,,184000000.0,456000000.0,39000000.0,417000000.0,8104000000.0,1843000000.0,6261000000.0,3079361261.0,91000000.0,-36000000.0,0.0,0.0,0.0,0.0,-194000000.0,-13000000.0,285000000.0,0.0,-30000000.0,-30000000.0,-30000000.0,6000000.0,0.0,-0.015,1990000000.0,64000000.0,642000000.0,0.0,20.667,-7.161,-7.154,4354000000.0,0.0,26.04,0.398,0.398,1363000000.0,-2743000000.0,2054000000.0,2054000000.0,0.0,,,,,10000000.0,913000000.0,1.0,118255041.0,118303000,118303000.0,17.362,7379000000.0,66000000.0,-3000000.0,82000000.0,62.374,765000000.0
57,THC,MRQ,2007-03-31,2007-03-31,2007-03-31,2021-09-08,-46000000.0,8275000000.0,,2753000000.0,5522000000.0,,1.415,-68000000.0,584000000.0,584000000.0,0.0,75000000.0,1.502,48.551,4784000000.0,22000000.0,4762000000.0,4784000000.0,0.0,89000000.0,0.0,0.0,0.0,96000000.0,185000000.0,0.083,185000000.0,96000000.0,-9000000.0,0.64,0.64,0.64,167000000.0,,167000000.0,7024304056.0,-10.0,-17.174,-222000000.0,-1.881,1.0,2218000000.0,1.0,857000000.0,105000000.0,9785000000.0,,180000000.0,428000000.0,38000000.0,390000000.0,8108000000.0,1833000000.0,6275000000.0,3026304056.0,-200000000.0,0.0,0.0,0.0,0.0,1000000.0,-47000000.0,21000000.0,-154000000.0,0.0,75000000.0,75000000.0,75000000.0,16000000.0,0.0,0.034,2115000000.0,103000000.0,664000000.0,0.0,18.122,-3.792,-3.782,4275000000.0,0.0,25.72,0.384,0.385,1427000000.0,-2713000000.0,2218000000.0,2218000000.0,0.0,,,,,11000000.0,992000000.0,1.0,117663455.0,118034000,118581500.0,18.791,7418000000.0,222000000.0,-84000000.0,78000000.0,62.846,920000000.0
58,THC,MRQ,2006-12-31,2006-12-31,2006-12-31,2021-09-08,-45000000.0,8539000000.0,,3025000000.0,5514000000.0,,2.24,-237000000.0,784000000.0,784000000.0,0.0,-386000000.0,1.571,31.345,4782000000.0,22000000.0,4760000000.0,4782000000.0,0.0,72000000.0,0.0,0.0,0.0,-251000000.0,-179000000.0,-0.127,-179000000.0,-251000000.0,-353000000.0,-3.28,-3.28,-3.28,264000000.0,,264000000.0,7010088788.0,-11.0,-20.801,-258000000.0,-2.189,1.0,1407000000.0,1.0,832000000.0,102000000.0,9780000000.0,,184000000.0,422000000.0,39000000.0,383000000.0,8275000000.0,1925000000.0,6350000000.0,3285088788.0,-25000000.0,0.0,0.0,-17000000.0,0.0,253000000.0,-257000000.0,-11000000.0,-21000000.0,0.0,-386000000.0,-386000000.0,-386000000.0,-34000000.0,0.0,-0.274,1707000000.0,-300000000.0,775000000.0,0.0,12.444,-4.091,-4.076,4299000000.0,0.0,27.88,0.424,0.424,1413000000.0,-2610000000.0,1407000000.0,1407000000.0,0.0,,,,,16000000.0,660000000.0,1.0,117829584.0,117870750,117870750.0,11.937,7707000000.0,240000000.0,33000000.0,107000000.0,65.385,1100000000.0
59,THC,MRQ,2006-09-30,2006-09-30,2006-09-30,2021-09-08,-39000000.0,9042000000.0,,3138000000.0,5904000000.0,,5.356,-2000000.0,1072000000.0,1072000000.0,0.0,-89000000.0,1.646,13.33,4797000000.0,38000000.0,4759000000.0,4797000000.0,0.0,80000000.0,0.0,0.0,0.0,-28000000.0,52000000.0,0.025,52000000.0,-28000000.0,-132000000.0,-0.76,-0.76,-0.76,631000000.0,,631000000.0,7811494682.0,-12.0,-23.743,198000000.0,1.681,1.0,2058000000.0,1.0,955000000.0,104000000.0,9905000000.0,,177000000.0,384000000.0,15000000.0,369000000.0,8411000000.0,1907000000.0,6504000000.0,3836494682.0,241000000.0,-28000000.0,0.0,-2000000.0,0.0,-3000000.0,44000000.0,-4000000.0,200000000.0,0.0,-89000000.0,-89000000.0,-89000000.0,70000000.0,0.0,-0.043,2030000000.0,28000000.0,749000000.0,0.0,6.08,-5.457,-5.463,4317000000.0,0.0,32.56,0.462,0.462,1453000000.0,-2224000000.0,2058000000.0,2058000000.0,0.0,,,,,12000000.0,927000000.0,1.0,117828461.0,117806750,117806750.0,17.469,8087000000.0,287000000.0,-43000000.0,268000000.0,68.646,1231000000.0
60,THC,MRQ,2006-06-30,2006-06-30,2006-06-30,2021-09-08,-40000000.0,9200000000.0,,3349000000.0,5851000000.0,,6.009,-111000000.0,831000000.0,831000000.0,0.0,-398000000.0,1.878,12.013,4806000000.0,19000000.0,4787000000.0,4806000000.0,0.0,82000000.0,0.0,0.0,0.0,-549000000.0,-467000000.0,-0.213,-467000000.0,-549000000.0,-650000000.0,-3.4,-3.4,-3.4,707000000.0,,707000000.0,6851154687.0,-7.0,-11.691,-431000000.0,-3.663,1.0,2195000000.0,1.0,947000000.0,101000000.0,10445000000.0,,174000000.0,376000000.0,11000000.0,365000000.0,8493000000.0,1783000000.0,6710000000.0,3285154687.0,-407000000.0,0.0,0.0,-1000000.0,0.0,1000000.0,-88000000.0,-14000000.0,-320000000.0,0.0,-398000000.0,-398000000.0,-398000000.0,-49000000.0,0.0,-0.181,2810000000.0,-615000000.0,761000000.0,0.0,4.647,-3.237,-3.247,4276000000.0,0.0,27.92,0.392,0.392,1769000000.0,-2135000000.0,2195000000.0,2195000000.0,0.0,,,,,11000000.0,963000000.0,1.0,117663134.0,117652000,117652000.0,18.657,8253000000.0,285000000.0,-252000000.0,141000000.0,70.148,1566000000.0
61,THC,MRQ,2006-03-31,2006-03-31,2006-03-31,2021-09-08,-40000000.0,9337000000.0,,3078000000.0,6259000000.0,,9.352,-117000000.0,1238000000.0,1238000000.0,0.0,70000000.0,1.701,7.496,4804000000.0,19000000.0,4785000000.0,4804000000.0,0.0,82000000.0,0.0,0.0,0.0,176000000.0,258000000.0,0.117,258000000.0,176000000.0,74000000.0,0.6,0.6,0.6,1099000000.0,,1099000000.0,6627880254.0,-21.0,3313.94,-438000000.0,-3.727,1.0,2210000000.0,1.0,1031000000.0,102000000.0,10063000000.0,,194000000.0,374000000.0,10000000.0,364000000.0,8238000000.0,1809000000.0,6429000000.0,3460880254.0,-398000000.0,0.0,0.0,0.0,0.0,1000000.0,-78000000.0,23000000.0,-321000000.0,0.0,70000000.0,70000000.0,70000000.0,-69000000.0,0.0,0.032,2123000000.0,87000000.0,776000000.0,0.0,3.149,-5.324,-5.387,4601000000.0,0.0,29.52,0.415,0.416,1584000000.0,-1737000000.0,2210000000.0,2210000000.0,0.0,,,,,11000000.0,981000000.0,1.0,117238491.0,117517250,117517250.0,18.806,8306000000.0,33000000.0,4000000.0,136000000.0,70.679,1269000000.0
62,THC,MRQ,2005-12-31,2005-12-31,2005-12-31,2021-09-08,-39000000.0,9812000000.0,,3508000000.0,6304000000.0,,8.697,-284000000.0,1636000000.0,1636000000.0,0.0,-286000000.0,1.531,8.61,4803000000.0,19000000.0,4784000000.0,4803000000.0,0.0,75000000.0,0.0,0.0,0.0,-247000000.0,-172000000.0,-0.094,-172000000.0,-247000000.0,-347000000.0,-2.4,-2.4,-2.4,1021000000.0,,1021000000.0,6655651913.0,-16.0,-82.169,-206000000.0,-1.755,1.0,1835000000.0,1.0,1041000000.0,100000000.0,9646000000.0,,190000000.0,385000000.0,5000000.0,380000000.0,8791000000.0,2292000000.0,6499000000.0,3595651913.0,-107000000.0,0.0,-11000000.0,0.0,0.0,0.0,-185000000.0,56000000.0,78000000.0,0.0,-286000000.0,-286000000.0,-286000000.0,124000000.0,0.0,-0.156,1963000000.0,-128000000.0,857000000.0,0.0,3.522,-4.966,-4.974,4620000000.0,0.0,30.64,0.432,0.431,1600000000.0,-1807000000.0,1835000000.0,1835000000.0,0.0,,,,,10000000.0,843000000.0,1.0,117351564.0,117400750,117400750.0,15.63,8771000000.0,107000000.0,-61000000.0,212000000.0,74.71,1216000000.0
63,THC,MRQ,2005-09-30,2005-09-30,2005-09-30,2021-09-08,-12000000.0,9967000000.0,,4026000000.0,5941000000.0,,11.288,-100000000.0,1743000000.0,1743000000.0,0.0,-401000000.0,2.031,6.528,4803000000.0,20000000.0,4783000000.0,4803000000.0,0.0,92000000.0,0.0,0.0,0.0,-297000000.0,-205000000.0,-0.095,-205000000.0,-297000000.0,-398000000.0,-3.4,-3.4,-3.4,1324000000.0,,1324000000.0,8214027332.0,-4.0,-5.242,-115000000.0,-0.98,1.0,2150000000.0,1.0,1046000000.0,101000000.0,9999000000.0,,187000000.0,367000000.0,65000000.0,302000000.0,8643000000.0,1982000000.0,6661000000.0,5267027332.0,-114000000.0,0.0,2000000.0,-3000000.0,0.0,-2000000.0,-97000000.0,-3000000.0,-15000000.0,0.0,-401000000.0,-401000000.0,-401000000.0,273000000.0,0.0,-0.187,2190000000.0,-40000000.0,806000000.0,0.0,3.978,-2.006,-1.998,4593000000.0,0.0,44.92,0.654,0.654,1523000000.0,-1521000000.0,2150000000.0,2150000000.0,0.0,,,,,12000000.0,985000000.0,1.0,117253502.0,117294750,117294750.0,18.33,8921000000.0,195000000.0,3000000.0,347000000.0,76.056,2044000000.0
64,THC,MRQ,2005-06-30,2005-06-30,2005-06-30,2021-09-08,-12000000.0,10252000000.0,,4123000000.0,6129000000.0,,14.583,-87000000.0,1857000000.0,1857000000.0,0.0,-33000000.0,2.087,4.999,4804000000.0,20000000.0,4784000000.0,4804000000.0,0.0,64000000.0,0.0,0.0,0.0,57000000.0,121000000.0,0.056,121000000.0,57000000.0,-45000000.0,-0.28,-0.28,-0.28,1709000000.0,,1709000000.0,8776217950.0,-6.0,-6.921,97000000.0,0.828,1.0,2142000000.0,1.0,980000000.0,102000000.0,10243000000.0,,193000000.0,375000000.0,75000000.0,300000000.0,8543000000.0,1976000000.0,6567000000.0,5735217950.0,97000000.0,0.0,1000000.0,0.0,0.0,1000000.0,-88000000.0,-2000000.0,184000000.0,0.0,-33000000.0,-33000000.0,-33000000.0,24000000.0,0.0,-0.015,2075000000.0,67000000.0,744000000.0,0.0,3.356,-2.492,-2.478,4849000000.0,0.0,48.96,0.689,0.689,1499000000.0,-1120000000.0,2142000000.0,2142000000.0,0.0,,,,,13000000.0,986000000.0,1.0,117140890.0,117189500,117189500.0,18.278,9272000000.0,104000000.0,-12000000.0,273000000.0,79.12,2147000000.0
65,THC,MRQ,2005-03-31,2005-03-31,2005-03-31,2021-09-08,-13000000.0,10210000000.0,,4117000000.0,6093000000.0,,14.725,-20000000.0,1760000000.0,1760000000.0,0.0,-4000000.0,2.234,4.926,4801000000.0,19000000.0,4782000000.0,4801000000.0,0.0,96000000.0,0.0,0.0,0.0,80000000.0,176000000.0,0.07,176000000.0,80000000.0,-21000000.0,-0.04,-0.04,-0.04,1723000000.0,,1723000000.0,8893536907.0,-4.0,-5.094,496000000.0,4.239,1.0,2501000000.0,1.0,978000000.0,101000000.0,10430000000.0,,190000000.0,410000000.0,112000000.0,298000000.0,8487000000.0,1843000000.0,6644000000.0,5374536907.0,843000000.0,0.0,8000000.0,338000000.0,0.0,349000000.0,-22000000.0,0.0,516000000.0,0.0,-4000000.0,-4000000.0,-4000000.0,24000000.0,0.0,-0.002,2388000000.0,113000000.0,774000000.0,0.0,3.119,-1.997,-1.995,4817000000.0,0.0,46.12,0.618,0.621,1591000000.0,-1087000000.0,2501000000.0,2501000000.0,0.0,,,,,13000000.0,1124000000.0,1.0,116533758.0,117011750,117236750.0,21.374,9232000000.0,112000000.0,-17000000.0,284000000.0,78.898,2274000000.0
66,THC,MRQ,2004-12-31,2004-12-31,2004-12-31,2021-09-08,-13000000.0,10081000000.0,,3996000000.0,6085000000.0,,14.551,15000000.0,917000000.0,917000000.0,0.0,-2187000000.0,1.89,4.933,4436000000.0,41000000.0,4395000000.0,4436000000.0,0.0,46000000.0,0.0,0.0,0.0,-1705000000.0,-1659000000.0,-1.315,-1659000000.0,-1705000000.0,-1795000000.0,-18.76,-18.76,-18.76,1699000000.0,,1699000000.0,8313998291.0,-4.0,-4.506,-275000000.0,-2.355,1.0,1262000000.0,1.0,969000000.0,90000000.0,10517000000.0,,188000000.0,413000000.0,117000000.0,296000000.0,8382000000.0,2114000000.0,6268000000.0,5123998291.0,-669000000.0,0.0,2000000.0,-106000000.0,0.0,-368000000.0,-11000000.0,-29000000.0,-290000000.0,0.0,-2187000000.0,-2187000000.0,-2187000000.0,530000000.0,0.0,-1.733,2439000000.0,-1177000000.0,937000000.0,0.0,3.016,-1.826,-1.824,4820000000.0,0.0,43.92,0.584,0.584,1692000000.0,-1083000000.0,1262000000.0,1262000000.0,0.0,,,,,19000000.0,594000000.0,1.0,116666628.0,116759000,116759000.0,10.809,9112000000.0,648000000.0,392000000.0,311000000.0,78.041,1882000000.0
67,THC,MRQ,2004-09-30,2004-09-30,2004-09-30,2021-09-08,-13000000.0,12126000000.0,,4887000000.0,7239000000.0,,32.993,-11000000.0,1323000000.0,1323000000.0,0.0,-77000000.0,2.326,2.15,4513000000.0,26000000.0,4487000000.0,4513000000.0,0.0,98000000.0,0.0,0.0,0.0,-4000000.0,94000000.0,0.039,94000000.0,-4000000.0,-95000000.0,-0.68,-0.68,-0.68,3849000000.0,,3849000000.0,8350596984.0,-5.0,-6.664,112000000.0,0.96,1.0,2420000000.0,1.0,2094000000.0,91000000.0,11121000000.0,,187000000.0,430000000.0,122000000.0,308000000.0,8277000000.0,2101000000.0,6176000000.0,5029596984.0,130000000.0,0.0,-2000000.0,-3000000.0,0.0,1000000.0,6000000.0,-3000000.0,123000000.0,0.0,-77000000.0,-77000000.0,-77000000.0,21000000.0,0.0,-0.032,2408000000.0,12000000.0,839000000.0,0.0,1.307,-3.03,-3.014,4837000000.0,0.0,43.16,0.512,0.512,1791000000.0,1092000000.0,2420000000.0,2420000000.0,0.0,,,,,25000000.0,1069000000.0,1.0,116533758.0,116661500,116661500.0,20.744,10032000000.0,594000000.0,-18000000.0,85000000.0,85.992,2786000000.0
68,THC,MRQ,2004-06-30,2004-06-30,2004-06-30,2021-09-08,-14000000.0,12150000000.0,,4928000000.0,7222000000.0,,33.37,-9000000.0,1193000000.0,1193000000.0,0.0,-423000000.0,2.377,2.126,4514000000.0,26000000.0,4488000000.0,4514000000.0,0.0,95000000.0,0.0,0.0,0.0,-452000000.0,-357000000.0,-0.142,-357000000.0,-452000000.0,-526000000.0,-3.64,-3.64,-3.64,3887000000.0,,3887000000.0,9782949777.0,-5.0,-6.08,135000000.0,1.159,1.0,2510000000.0,1.0,2094000000.0,74000000.0,11304000000.0,,187000000.0,428000000.0,123000000.0,305000000.0,8263000000.0,2073000000.0,6190000000.0,6241949777.0,686000000.0,0.0,0.0,492000000.0,0.0,493000000.0,49000000.0,2000000.0,144000000.0,0.0,-423000000.0,-423000000.0,-423000000.0,255000000.0,0.0,-0.169,2711000000.0,-201000000.0,853000000.0,0.0,1.606,-3.301,-3.295,4823000000.0,0.0,53.64,0.629,0.629,1929000000.0,1162000000.0,2510000000.0,2510000000.0,0.0,,,,,36000000.0,1089000000.0,1.0,116367446.0,116480500,116480500.0,21.549,10056000000.0,537000000.0,-103000000.0,108000000.0,86.332,2855000000.0
69,THC,MRQ,2004-03-31,2004-03-31,2004-03-31,2021-09-08,-9000000.0,12131000000.0,,4864000000.0,7267000000.0,,36.691,-51000000.0,507000000.0,507000000.0,0.0,-119000000.0,2.213,1.842,4048000000.0,39000000.0,4009000000.0,4048000000.0,0.0,95000000.0,0.0,0.0,0.0,-18000000.0,77000000.0,0.03,77000000.0,-18000000.0,-95000000.0,-1.04,-1.04,-1.04,4268000000.0,,4268000000.0,8603557988.0,-5.0,-6.593,-110000000.0,-0.946,1.0,2576000000.0,1.0,2039000000.0,77000000.0,11435000000.0,,185000000.0,494000000.0,134000000.0,360000000.0,7863000000.0,2198000000.0,5665000000.0,5165557988.0,-112000000.0,0.0,2000000.0,-1000000.0,0.0,3000000.0,-56000000.0,-2000000.0,-59000000.0,0.0,-119000000.0,-119000000.0,-119000000.0,146000000.0,0.0,-0.046,2447000000.0,129000000.0,889000000.0,0.0,1.21,-3.106,-3.117,4868000000.0,0.0,44.64,0.513,0.515,2347000000.0,1588000000.0,2576000000.0,2576000000.0,0.0,,,,,21000000.0,1091000000.0,1.0,115715905.0,116324000,116397500.0,22.145,10092000000.0,402000000.0,24000000.0,114000000.0,86.758,2666000000.0
70,THC,MRQ,2003-12-31,2003-12-31,2003-12-31,2021-09-08,-8000000.0,12298000000.0,,4248000000.0,8050000000.0,,37.552,441000000.0,619000000.0,619000000.0,0.0,-1041000000.0,1.774,1.82,4057000000.0,18000000.0,4039000000.0,4057000000.0,0.0,95000000.0,0.0,0.0,0.0,-1162000000.0,-1067000000.0,-0.459,-1067000000.0,-1162000000.0,-1237000000.0,-8.96,-8.96,-8.96,4361000000.0,,4361000000.0,11295752207.0,-7.0,-9.704,559000000.0,4.813,1.0,2324000000.0,1.0,2107000000.0,75000000.0,11235000000.0,,224000000.0,509000000.0,123000000.0,386000000.0,7937000000.0,2394000000.0,5543000000.0,7459752207.0,400000000.0,-39000000.0,5000000.0,-24000000.0,0.0,-17000000.0,299000000.0,-56000000.0,118000000.0,0.0,-1041000000.0,-1041000000.0,-1041000000.0,153000000.0,0.0,-0.448,3344000000.0,-1020000000.0,987000000.0,0.0,1.711,-4.77,-4.777,5557000000.0,0.0,64.2,0.742,0.744,2415000000.0,1710000000.0,2324000000.0,2324000000.0,0.0,,,,,30000000.0,1016000000.0,1.0,116195517.0,116133750,116133750.0,20.011,10191000000.0,401000000.0,-196000000.0,40000000.0,87.752,1854000000.0
71,THC,MRQ,2003-09-30,2003-09-30,2003-09-30,2021-09-08,-11000000.0,13477000000.0,,4223000000.0,9254000000.0,,45.485,-108000000.0,219000000.0,219000000.0,0.0,-308000000.0,1.78,1.556,4055000000.0,23000000.0,4032000000.0,4055000000.0,0.0,90000000.0,0.0,0.0,0.0,-352000000.0,-262000000.0,-0.104,-262000000.0,-352000000.0,-425000000.0,-2.64,-2.64,-2.64,5272000000.0,,5272000000.0,10544282480.0,-64.0,50.211,29000000.0,0.25,1.0,2520000000.0,1.0,3041000000.0,73000000.0,11899000000.0,,224000000.0,402000000.0,103000000.0,299000000.0,8205000000.0,2373000000.0,5832000000.0,6716282480.0,-2000000.0,0.0,0.0,4000000.0,0.0,-2000000.0,-137000000.0,-2000000.0,137000000.0,0.0,-308000000.0,-308000000.0,-308000000.0,103000000.0,0.0,-0.122,2765000000.0,-245000000.0,870000000.0,0.0,1.274,-14.925,-15.083,5914000000.0,0.0,57.92,0.641,0.641,2465000000.0,2662000000.0,2520000000.0,2520000000.0,0.0,,,,,33000000.0,1045000000.0,1.0,115957916.0,115907250,115907250.0,21.742,10436000000.0,361000000.0,-117000000.0,253000000.0,90.038,1850000000.0
72,THC,MRQ,2003-06-30,2003-06-30,2003-06-30,2021-09-08,-12000000.0,13515000000.0,,4281000000.0,9234000000.0,,47.567,-200000000.0,221000000.0,221000000.0,0.0,-195000000.0,1.874,1.444,4049000000.0,23000000.0,4026000000.0,4049000000.0,0.0,98000000.0,0.0,0.0,0.0,-151000000.0,-53000000.0,-0.02,-53000000.0,-151000000.0,-226000000.0,-1.68,-1.68,-1.68,5531000000.0,,5531000000.0,9367176846.0,12.0,7.832,159000000.0,1.367,1.0,2657000000.0,1.0,3040000000.0,75000000.0,12019000000.0,,220000000.0,398000000.0,103000000.0,295000000.0,7984000000.0,2284000000.0,5700000000.0,5436176846.0,86000000.0,0.0,-98000000.0,-19000000.0,0.0,-111000000.0,-162000000.0,0.0,359000000.0,0.0,-195000000.0,-195000000.0,-195000000.0,128000000.0,0.0,-0.073,2686000000.0,-29000000.0,911000000.0,0.0,0.983,29.227,31.486,5899000000.0,0.0,46.6,0.474,0.472,2667000000.0,2970000000.0,2657000000.0,2657000000.0,0.0,,,,,37000000.0,1143000000.0,1.0,116656156.0,116277500,116277500.0,22.851,10475000000.0,171000000.0,-31000000.0,207000000.0,90.086,1997000000.0
73,THC,MRQ,2003-03-31,2003-03-31,2003-03-31,2021-09-08,-14000000.0,13684000000.0,,4280000000.0,9404000000.0,,48.824,-215000000.0,135000000.0,135000000.0,0.0,-20000000.0,1.852,1.383,4066000000.0,41000000.0,4025000000.0,4066000000.0,0.0,97000000.0,0.0,0.0,0.0,99000000.0,196000000.0,0.071,196000000.0,99000000.0,28000000.0,-0.16,-0.16,-0.16,5743000000.0,,5743000000.0,11790431163.0,8.0,6.305,9000000.0,0.077,1.0,2750000000.0,1.0,3060000000.0,71000000.0,12244000000.0,,221000000.0,388000000.0,95000000.0,293000000.0,7941000000.0,2311000000.0,5630000000.0,7911431163.0,-75000000.0,0.0,-110000000.0,141000000.0,0.0,34000000.0,-333000000.0,-105000000.0,224000000.0,0.0,-20000000.0,-20000000.0,-20000000.0,23000000.0,0.0,-0.007,2626000000.0,124000000.0,928000000.0,0.0,1.378,12.699,13.047,6051000000.0,0.0,66.8,0.646,0.641,2733000000.0,3165000000.0,2750000000.0,2750000000.0,0.0,,,,,39000000.0,1135000000.0,1.0,118434598.0,117627750,118081250.0,23.379,10624000000.0,160000000.0,48000000.0,361000000.0,90.319,1969000000.0
74,THC,MRQ,2002-12-31,2002-12-31,2002-12-31,2021-09-08,-15000000.0,13796000000.0,,3808000000.0,9988000000.0,,48.045,-293000000.0,210000000.0,210000000.0,0.0,73000000.0,1.572,1.369,3919000000.0,47000000.0,3872000000.0,3919000000.0,0.0,90000000.0,0.0,0.0,0.0,239000000.0,329000000.0,0.129,329000000.0,239000000.0,157000000.0,0.64,0.6,0.64,5824000000.0,,5824000000.0,11551323821.0,6.0,4.882,187000000.0,1.543,1.0,2548000000.0,1.0,3444000000.0,82000000.0,11638000000.0,,241000000.0,270000000.0,85000000.0,185000000.0,7972000000.0,2423000000.0,5549000000.0,7998323821.0,170000000.0,-27000000.0,-359000000.0,283000000.0,0.0,-83000000.0,-227000000.0,0.0,480000000.0,0.0,73000000.0,73000000.0,73000000.0,46000000.0,0.0,0.029,2269000000.0,279000000.0,898000000.0,0.0,1.373,8.684,8.677,6359000000.0,0.0,65.6,0.621,0.618,2590000000.0,3187000000.0,2548000000.0,2548000000.0,0.0,,,,,66000000.0,965000000.0,1.0,121925668.0,121219250,123382500.0,21.02,10352000000.0,261000000.0,84000000.0,654000000.0,85.399,1385000000.0
75,THC,MRQ,2002-09-30,2002-09-30,2002-09-30,2021-09-08,,,,,,,,-191000000.0,,,0.0,328000000.0,,,,,,,,129000000.0,,0.0,0.0,595000000.0,724000000.0,0.206,724000000.0,595000000.0,533000000.0,2.68,2.64,2.68,,,,28142898221.0,,,455000000.0,3.729,1.0,3521000000.0,1.0,,62000000.0,,,,,,,,,,24162898221.0,2000000.0,0.0,-98000000.0,-389000000.0,0.0,-482000000.0,-162000000.0,0.0,646000000.0,0.0,328000000.0,328000000.0,328000000.0,-17000000.0,0.0,0.093,2936000000.0,585000000.0,,0.0,,,,,0.0,198.0,,,,,3521000000.0,3521000000.0,0.0,,,,,52000000.0,1376000000.0,1.0,122034840.0,122026500,124853000.0,28.854,,,205000000.0,,,
76,THC,MRQ,2002-06-30,2002-05-31,2002-05-31,2021-09-08,-44000000.0,13803000000.0,,3383000000.0,10420000000.0,,46.437,-278000000.0,38000000.0,38000000.0,0.0,173000000.0,1.325,1.423,4018000000.0,99000000.0,3919000000.0,4018000000.0,0.0,1000000.0,0.0,0.0,0.0,157000000.0,158000000.0,-0.358,158000000.0,157000000.0,91000000.0,1.4,1.4,1.4,5697000000.0,,5697000000.0,28522043448.0,21.0,15.89,544000000.0,4.434,1.0,-441000000.0,1.0,3472000000.0,66000000.0,11757000000.0,,231000000.0,463000000.0,100000000.0,363000000.0,8106000000.0,2554000000.0,5552000000.0,24277043448.0,-14000000.0,0.0,-156000000.0,-379000000.0,0.0,-543000000.0,-293000000.0,0.0,822000000.0,0.0,173000000.0,173000000.0,173000000.0,-363000000.0,0.0,-0.392,-322000000.0,-119000000.0,968000000.0,0.0,4.261,34.831,34.977,6585000000.0,0.0,198.667,2.494,2.499,2425000000.0,2786000000.0,-441000000.0,-441000000.0,0.0,,,,,135000000.0,-84000000.0,1.0,122199883.0,122683500,125679750.0,-3.595,10331000000.0,188000000.0,-82000000.0,634000000.0,84.209,829000000.0
77,THC,MRQ,2002-03-31,2002-03-31,2002-03-31,2021-09-08,,,,,,,,-218000000.0,,,0.0,278000000.0,,,,,,,,153000000.0,,0.0,0.0,539000000.0,692000000.0,0.205,692000000.0,539000000.0,466000000.0,2.28,2.2,2.28,,,,26105176059.0,,,392000000.0,3.2,1.0,3375000000.0,1.0,,73000000.0,,,,,,,,,,21812176059.0,-16000000.0,0.0,-191000000.0,-215000000.0,0.0,-409000000.0,-217000000.0,0.0,610000000.0,0.0,278000000.0,278000000.0,278000000.0,-17000000.0,0.0,0.082,2845000000.0,530000000.0,,0.0,,,,,0.0,178.72,,,,,3375000000.0,3375000000.0,0.0,,,,,112000000.0,1339000000.0,1.0,122046643.0,122508750,125513500.0,27.549,,,188000000.0,,,
78,THC,MRQ,2001-09-30,2001-08-31,2001-08-31,2021-09-08,-28000000.0,13376000000.0,,3281000000.0,10095000000.0,,43.177,-208000000.0,66000000.0,66000000.0,0.0,155000000.0,1.565,1.531,4392000000.0,30000000.0,4362000000.0,4392000000.0,0.0,0.0,0.0,0.0,0.0,369000000.0,369000000.0,0.112,369000000.0,369000000.0,272000000.0,1.28,1.24,1.28,5284000000.0,,5284000000.0,22319889884.0,15.0,11.458,279000000.0,2.28,1.0,3297000000.0,1.0,3515000000.0,97000000.0,12091000000.0,,223000000.0,462000000.0,103000000.0,359000000.0,8092000000.0,2096000000.0,5996000000.0,18154889884.0,4000000.0,-248000000.0,-24000000.0,37000000.0,0.0,25000000.0,-508000000.0,0.0,487000000.0,0.0,155000000.0,155000000.0,155000000.0,0.0,0.0,0.047,2820000000.0,477000000.0,801000000.0,0.0,3.436,28.191,27.712,6221000000.0,0.0,147.787,1.457,1.452,2348000000.0,2426000000.0,3297000000.0,3297000000.0,0.0,,,,,0.0,1270000000.0,1.0,122845249.0,122379500,125851250.0,26.941,9861000000.0,166000000.0,117000000.0,589000000.0,80.577,1185000000.0
79,THC,MRQ,2001-06-30,2001-05-31,2001-05-31,2021-09-08,-44000000.0,12995000000.0,,3226000000.0,9769000000.0,,41.696,-112000000.0,62000000.0,62000000.0,0.0,116000000.0,1.489,1.559,4227000000.0,25000000.0,4202000000.0,4227000000.0,0.0,554000000.0,0.0,0.0,0.0,307000000.0,861000000.0,0.268,861000000.0,307000000.0,205000000.0,0.933,0.92,0.933,5079000000.0,,5079000000.0,19562394197.0,13.0,9.333,768000000.0,6.305,1.0,3209000000.0,1.0,3398000000.0,102000000.0,11596000000.0,,214000000.0,499000000.0,104000000.0,395000000.0,7916000000.0,2166000000.0,5750000000.0,14749394197.0,5000000.0,-16000000.0,254000000.0,-738000000.0,0.0,-708000000.0,-167000000.0,0.0,880000000.0,0.0,116000000.0,116000000.0,116000000.0,0.0,0.0,0.036,2882000000.0,327000000.0,775000000.0,0.0,2.904,22.938,22.632,5976000000.0,0.0,121.307,1.224,1.226,2386000000.0,2270000000.0,3209000000.0,3209000000.0,0.0,,,,,137000000.0,1249000000.0,1.0,121587664.0,121811375,124912875.0,26.344,9597000000.0,155000000.0,89000000.0,554000000.0,78.786,1060000000.0
80,THC,MRQ,2001-03-31,2001-02-28,2001-02-28,2021-09-08,0.0,13249000000.0,,3579000000.0,9670000000.0,,40.93,-118000000.0,57000000.0,57000000.0,0.0,198000000.0,1.884,1.682,4870000000.0,14000000.0,4856000000.0,4870000000.0,0.0,0.0,0.0,0.0,0.0,445000000.0,445000000.0,0.147,445000000.0,445000000.0,332000000.0,1.653,1.6,1.653,4940000000.0,,4940000000.0,19776530918.0,14.0,12.901,95000000.0,0.787,1.0,3036000000.0,1.0,3334000000.0,113000000.0,12828000000.0,,219000000.0,556000000.0,112000000.0,444000000.0,8309000000.0,1900000000.0,6409000000.0,14802530918.0,-25000000.0,0.0,0.0,-191000000.0,0.0,-101000000.0,-137000000.0,0.0,213000000.0,0.0,198000000.0,198000000.0,198000000.0,0.0,0.0,0.065,2597000000.0,439000000.0,684000000.0,0.0,2.996,27.061,26.586,5892000000.0,0.0,123.013,1.259,1.263,2647000000.0,,3036000000.0,3036000000.0,0.0,,,,,0.0,1178000000.0,1.0,120332736.0,120694125,123795000.0,25.154,9915000000.0,125000000.0,134000000.0,529000000.0,82.15,1679000000.0
81,THC,MRQ,2000-12-31,2000-11-30,2000-11-30,2021-09-08,0.0,13121000000.0,,3529000000.0,9592000000.0,,38.436,-142000000.0,82000000.0,82000000.0,0.0,175000000.0,1.827,1.862,5056000000.0,9000000.0,5047000000.0,5056000000.0,0.0,-137000000.0,0.0,0.0,0.0,410000000.0,273000000.0,0.094,273000000.0,410000000.0,292000000.0,1.467,1.44,1.467,4584000000.0,,4584000000.0,18845628455.0,17.0,13.404,312000000.0,2.616,1.0,2915000000.0,1.0,3360000000.0,118000000.0,12803000000.0,,219000000.0,474000000.0,105000000.0,369000000.0,8537000000.0,1932000000.0,6605000000.0,13494628455.0,-1000000.0,-4000000.0,-39000000.0,-382000000.0,0.0,-296000000.0,-159000000.0,0.0,454000000.0,0.0,175000000.0,175000000.0,175000000.0,0.0,0.0,0.06,2514000000.0,401000000.0,696000000.0,0.0,2.944,34.87,34.465,5863000000.0,0.0,113.493,1.166,1.17,2545000000.0,,2915000000.0,2915000000.0,0.0,,,,,-12000000.0,1130000000.0,1.0,118902389.0,119263125,122147250.0,24.442,9761000000.0,113000000.0,117000000.0,497000000.0,81.844,1597000000.0
82,THC,MRQ,2000-09-30,2000-08-31,2000-08-31,2021-09-08,0.0,13091000000.0,,3559000000.0,9532000000.0,,36.417,-97000000.0,83000000.0,83000000.0,0.0,154000000.0,1.938,2.049,5434000000.0,10000000.0,5424000000.0,5434000000.0,0.0,137000000.0,0.0,0.0,0.0,380000000.0,517000000.0,0.179,517000000.0,380000000.0,257000000.0,1.307,1.28,1.307,4293000000.0,,4293000000.0,15267452112.0,14.0,8.506,174000000.0,1.476,1.0,2893000000.0,1.0,3313000000.0,123000000.0,13293000000.0,,226000000.0,483000000.0,106000000.0,377000000.0,8798000000.0,1836000000.0,6962000000.0,9725452112.0,-52000000.0,-9000000.0,39000000.0,-247000000.0,0.0,-212000000.0,-111000000.0,0.0,271000000.0,0.0,154000000.0,154000000.0,154000000.0,0.0,0.0,0.053,2513000000.0,380000000.0,601000000.0,0.0,2.265,28.027,27.707,5842000000.0,0.0,82.373,0.851,0.849,2515000000.0,,2893000000.0,2893000000.0,0.0,,,,,12000000.0,1123000000.0,1.0,118065540.0,117883125,119903625.0,24.541,9778000000.0,176000000.0,103000000.0,500000000.0,82.947,1723000000.0
83,THC,MRQ,2000-06-30,2000-05-31,2000-05-31,2021-09-08,-70000000.0,13161000000.0,,3594000000.0,9567000000.0,,34.643,-113000000.0,135000000.0,135000000.0,0.0,20000000.0,1.88,2.237,5677000000.0,9000000.0,5668000000.0,5677000000.0,0.0,134000000.0,0.0,0.0,0.027,164000000.0,298000000.0,0.102,298000000.0,164000000.0,46000000.0,0.2,0.16,0.2,4066000000.0,,4066000000.0,14142385850.0,13.0,8.883,434000000.0,3.698,1.0,2911000000.0,1.0,3329000000.0,118000000.0,13462000000.0,,223000000.0,454000000.0,110000000.0,344000000.0,9095000000.0,1912000000.0,7183000000.0,8172385850.0,97000000.0,-2000000.0,45000000.0,-333000000.0,0.0,-286000000.0,-164000000.0,0.0,547000000.0,0.0,20000000.0,20000000.0,20000000.0,19000000.0,0.0,0.007,2659000000.0,252000000.0,671000000.0,0.135,2.01,27.061,26.8,5894000000.0,0.0,69.68,0.716,0.714,2506000000.0,1627000000.0,2911000000.0,2911000000.0,0.0,,,,,3000000.0,1116000000.0,1.0,117284527.0,117368250,118815375.0,24.802,9832000000.0,176000000.0,26000000.0,491000000.0,83.771,1682000000.0
84,THC,MRQ,2000-03-31,2000-02-28,2000-02-28,2021-09-08,0.0,13392000000.0,,3783000000.0,9609000000.0,,35.037,-121000000.0,38000000.0,38000000.0,0.0,38000000.0,2.102,2.264,6008000000.0,11000000.0,5997000000.0,6008000000.0,0.0,133000000.0,0.0,0.0,0.0,185000000.0,318000000.0,0.112,318000000.0,185000000.0,68000000.0,0.32,0.32,0.32,4103000000.0,,4103000000.0,11206403987.0,13.0,6.151,-124000000.0,-1.059,1.0,2850000000.0,1.0,3365000000.0,117000000.0,14197000000.0,,218000000.0,562000000.0,111000000.0,451000000.0,9289000000.0,1800000000.0,7489000000.0,5421403987.0,7000000.0,-36000000.0,0.0,174000000.0,0.0,189000000.0,-179000000.0,0.0,-3000000.0,0.0,38000000.0,38000000.0,38000000.0,0.0,0.0,0.013,2715000000.0,135000000.0,608000000.0,0.0,1.321,37.389,38.622,5793000000.0,0.0,46.347,0.474,0.474,2569000000.0,,2850000000.0,2850000000.0,0.0,,,,,0.0,1121000000.0,1.0,116975057.0,117104625,118450875.0,24.337,10027000000.0,152000000.0,30000000.0,443000000.0,85.624,1983000000.0
85,THC,MRQ,1999-12-31,1999-11-30,1999-11-30,2021-09-08,0.0,13275000000.0,,3518000000.0,9757000000.0,,35.003,483000000.0,31000000.0,31000000.0,0.0,135000000.0,1.828,2.247,5816000000.0,36000000.0,5780000000.0,5816000000.0,0.0,266000000.0,0.0,0.0,0.0,396000000.0,662000000.0,0.238,662000000.0,396000000.0,276000000.0,1.147,1.147,1.147,4089000000.0,,4089000000.0,13491896211.0,13.0,7.381,796000000.0,6.814,1.0,2780000000.0,1.0,3368000000.0,120000000.0,13767000000.0,,218000000.0,669000000.0,123000000.0,546000000.0,9186000000.0,1925000000.0,7261000000.0,6946896211.0,7000000.0,0.0,0.0,-758000000.0,0.0,-761000000.0,455000000.0,0.0,313000000.0,0.0,135000000.0,135000000.0,135000000.0,0.0,0.0,0.049,2443000000.0,337000000.0,605000000.0,0.0,1.699,30.073,30.556,5843000000.0,0.0,59.493,0.608,0.609,2468000000.0,,2780000000.0,2780000000.0,0.0,,,,,0.0,1110000000.0,1.0,116767641.0,116817000,117654375.0,23.798,9907000000.0,126000000.0,141000000.0,427000000.0,84.808,1593000000.0
86,THC,MRQ,1999-09-30,1999-08-31,1999-08-31,2021-09-08,0.0,13693000000.0,,3951000000.0,9742000000.0,,33.87,-104000000.0,24000000.0,24000000.0,0.0,109000000.0,2.236,2.465,6569000000.0,44000000.0,6525000000.0,6569000000.0,0.0,0.0,0.0,0.0,0.0,314000000.0,314000000.0,0.109,314000000.0,314000000.0,190000000.0,0.933,0.933,0.933,3952000000.0,,3952000000.0,11836789429.0,13.0,7.955,-92000000.0,-0.788,1.0,2873000000.0,1.0,3384000000.0,124000000.0,15087000000.0,,226000000.0,659000000.0,119000000.0,540000000.0,9741000000.0,1767000000.0,7974000000.0,5429789429.0,-5000000.0,0.0,0.0,130000000.0,0.0,131000000.0,-148000000.0,0.0,12000000.0,0.0,109000000.0,109000000.0,109000000.0,0.0,0.0,0.038,2540000000.0,333000000.0,600000000.0,0.0,1.374,24.569,24.91,5818000000.0,0.0,46.507,0.485,0.485,2424000000.0,,2873000000.0,2873000000.0,0.0,,,,,0.0,1161000000.0,1.0,116752926.0,116682000,117459000.0,24.622,10309000000.0,134000000.0,81000000.0,401000000.0,88.351,2184000000.0
87,THC,MRQ,1999-06-30,1999-05-31,1999-05-31,2021-09-08,77000000.0,13771000000.0,,3962000000.0,9809000000.0,,33.212,-138000000.0,29000000.0,29000000.0,0.0,-137000000.0,1.959,2.558,6436000000.0,45000000.0,6391000000.0,6436000000.0,0.0,556000000.0,0.0,0.0,0.0,-28000000.0,528000000.0,0.179,528000000.0,-28000000.0,-153000000.0,-1.2,-1.173,-1.2,3870000000.0,,3870000000.0,14078157039.0,15.0,9.293,129000000.0,1.107,1.0,2942000000.0,1.0,3401000000.0,125000000.0,14755000000.0,,221000000.0,699000000.0,130000000.0,569000000.0,9901000000.0,2022000000.0,7879000000.0,7608157039.0,-32000000.0,-71000000.0,36000000.0,-113000000.0,0.0,-105000000.0,-194000000.0,0.0,267000000.0,0.0,-137000000.0,-137000000.0,-137000000.0,0.0,0.0,-0.047,2974000000.0,-32000000.0,713000000.0,0.0,1.966,30.555,30.63,5839000000.0,0.0,65.333,0.699,0.698,2318000000.0,1329000000.0,2942000000.0,2942000000.0,0.0,,,,,3000000.0,1195000000.0,1.0,116451383.0,116524125,117378000.0,25.248,10370000000.0,196000000.0,-16000000.0,440000000.0,88.994,1940000000.0
88,THC,MRQ,1999-03-31,1999-02-28,1999-02-28,2021-09-08,0.0,13870000000.0,,3322000000.0,10548000000.0,,34.146,-145000000.0,61000000.0,61000000.0,0.0,124000000.0,1.815,2.491,6531000000.0,35000000.0,6496000000.0,6531000000.0,0.0,0.0,0.0,0.0,0.0,324000000.0,324000000.0,0.115,324000000.0,324000000.0,202000000.0,1.067,1.067,1.067,3973000000.0,,3973000000.0,12393692357.0,13.0,8.649,-127000000.0,-1.092,1.0,2822000000.0,1.0,3607000000.0,122000000.0,14903000000.0,,244000000.0,654000000.0,130000000.0,524000000.0,9897000000.0,1830000000.0,8067000000.0,6106692357.0,29000000.0,-24000000.0,0.0,211000000.0,0.0,217000000.0,-206000000.0,0.0,18000000.0,0.0,124000000.0,124000000.0,124000000.0,0.0,0.0,0.044,2506000000.0,316000000.0,642000000.0,0.0,1.537,24.925,25.576,6417000000.0,0.0,52.507,0.581,0.581,2303000000.0,,2822000000.0,2822000000.0,0.0,,,,,0.0,1160000000.0,1.0,116303181.0,116352000,117354375.0,24.254,10263000000.0,166000000.0,78000000.0,437000000.0,88.206,1492000000.0
89,THC,MRQ,1998-12-31,1998-11-30,1998-11-30,2021-09-08,0.0,13629000000.0,,3083000000.0,10546000000.0,,33.26,-130000000.0,32000000.0,32000000.0,0.0,125000000.0,1.694,2.527,6319000000.0,10000000.0,6309000000.0,6319000000.0,0.0,0.0,0.0,0.0,0.0,322000000.0,322000000.0,0.126,322000000.0,322000000.0,203000000.0,1.067,1.067,1.067,3864000000.0,,3864000000.0,15167728748.0,15.0,10.353,126000000.0,1.085,1.0,2563000000.0,1.0,3557000000.0,119000000.0,14539000000.0,,237000000.0,706000000.0,139000000.0,567000000.0,9765000000.0,1820000000.0,7945000000.0,9152728748.0,11000000.0,-362000000.0,0.0,278000000.0,0.0,284000000.0,-529000000.0,0.0,256000000.0,0.0,125000000.0,125000000.0,125000000.0,0.0,0.0,0.049,2246000000.0,317000000.0,554000000.0,0.0,2.369,34.025,34.771,6422000000.0,0.0,78.827,0.893,0.893,2044000000.0,,2563000000.0,2563000000.0,0.0,,,,,0.0,1039000000.0,1.0,116112087.0,116176125,117725625.0,22.061,10072000000.0,233000000.0,78000000.0,435000000.0,86.696,1263000000.0
90,THC,MRQ,1998-09-30,1998-08-31,1998-08-31,2021-09-08,0.0,13018000000.0,,2986000000.0,10032000000.0,,31.829,-107000000.0,21000000.0,21000000.0,0.0,137000000.0,1.812,2.525,6036000000.0,11000000.0,6025000000.0,6036000000.0,0.0,0.0,0.0,0.0,0.0,341000000.0,341000000.0,0.134,341000000.0,341000000.0,222000000.0,1.173,1.173,1.173,3693000000.0,,3693000000.0,13744803584.0,13.0,9.225,-66000000.0,-0.569,1.0,2553000000.0,1.0,3412000000.0,119000000.0,13973000000.0,,218000000.0,652000000.0,135000000.0,517000000.0,9325000000.0,1648000000.0,7677000000.0,7928803584.0,-2000000.0,-84000000.0,0.0,173000000.0,0.0,175000000.0,-218000000.0,0.0,41000000.0,0.0,137000000.0,137000000.0,137000000.0,0.0,0.0,0.054,2215000000.0,338000000.0,525000000.0,0.0,2.147,28.116,28.802,6103000000.0,0.0,68.347,0.784,0.784,1885000000.0,,2553000000.0,2553000000.0,0.0,,,,,0.0,1018000000.0,1.0,116008636.0,116026125,117624375.0,22.004,9606000000.0,277000000.0,85000000.0,426000000.0,82.792,1338000000.0
91,THC,MRQ,1998-06-30,1998-05-31,1998-05-31,2021-09-08,50000000.0,12774000000.0,,2890000000.0,9884000000.0,,30.738,-155000000.0,23000000.0,23000000.0,0.0,-141000000.0,1.692,2.59,5839000000.0,10000000.0,5829000000.0,5839000000.0,0.0,460000000.0,0.0,0.0,0.0,-14000000.0,446000000.0,0.173,446000000.0,-14000000.0,-134000000.0,-1.253,-1.2,-1.253,3558000000.0,,3558000000.0,16539875930.0,17.0,11.375,111000000.0,0.959,1.0,2571000000.0,1.0,3399000000.0,120000000.0,13483000000.0,,214000000.0,630000000.0,132000000.0,498000000.0,9216000000.0,1708000000.0,7508000000.0,10788875930.0,6000000.0,0.0,97000000.0,-140000000.0,0.0,-117000000.0,-143000000.0,-25000000.0,266000000.0,0.0,-141000000.0,-141000000.0,-141000000.0,0.0,0.0,-0.055,2435000000.0,136000000.0,657000000.0,0.0,3.032,41.337,41.17,5987000000.0,0.0,93.333,1.09,1.083,1742000000.0,1080000000.0,2571000000.0,2571000000.0,0.0,,,,,0.0,1039000000.0,1.0,115595099.0,115752375,118004250.0,22.211,9375000000.0,275000000.0,7000000.0,423000000.0,80.992,1182000000.0
92,THC,MRQ,1998-03-31,1998-02-28,1998-02-28,2021-09-08,0.0,12715000000.0,,2721000000.0,9994000000.0,,32.119,-51000000.0,17000000.0,17000000.0,0.0,148000000.0,1.659,2.443,5768000000.0,13000000.0,5755000000.0,5768000000.0,0.0,0.0,0.0,0.0,0.0,356000000.0,356000000.0,0.139,356000000.0,356000000.0,242000000.0,1.28,1.253,1.28,3693000000.0,,3693000000.0,16946119295.0,23.0,14.193,74000000.0,0.644,1.0,2564000000.0,1.0,3517000000.0,114000000.0,13309000000.0,,211000000.0,774000000.0,132000000.0,642000000.0,9022000000.0,1640000000.0,7382000000.0,11424119295.0,3000000.0,-298000000.0,-32000000.0,230000000.0,0.0,256000000.0,-378000000.0,25000000.0,125000000.0,0.0,148000000.0,148000000.0,148000000.0,0.0,0.0,0.058,2207000000.0,357000000.0,536000000.0,0.0,3.093,158.668,186.667,5835000000.0,0.0,99.493,1.181,1.182,1725000000.0,,2564000000.0,2564000000.0,0.0,,,,,0.0,1040000000.0,1.0,114822963.0,114977625,117306000.0,22.3,9198000000.0,158000000.0,94000000.0,334000000.0,79.998,1081000000.0
93,THC,MRQ,1997-12-31,1997-11-30,1997-11-30,2021-09-08,0.0,12183000000.0,,2623000000.0,9560000000.0,,29.675,-93000000.0,14000000.0,14000000.0,0.0,138000000.0,1.605,2.521,5536000000.0,16000000.0,5520000000.0,5536000000.0,0.0,0.0,0.0,0.0,0.0,347000000.0,347000000.0,0.143,347000000.0,347000000.0,229000000.0,1.173,1.173,1.173,3460000000.0,,3460000000.0,14885169304.0,39.0,18.131,-82000000.0,-0.703,1.0,2429000000.0,1.0,3318000000.0,118000000.0,12753000000.0,,204000000.0,690000000.0,125000000.0,565000000.0,8723000000.0,1634000000.0,7089000000.0,9673169304.0,-89000000.0,-255000000.0,32000000.0,237000000.0,0.0,247000000.0,-347000000.0,0.0,11000000.0,0.0,138000000.0,138000000.0,138000000.0,0.0,0.0,0.057,2099000000.0,330000000.0,476000000.0,0.0,2.796,-51.181,-48.763,5677000000.0,0.0,84.507,1.035,1.054,1559000000.0,,2429000000.0,2429000000.0,0.0,,,,,0.0,1007000000.0,1.0,114466346.0,116595000,116595000.0,20.833,8865000000.0,213000000.0,91000000.0,309000000.0,76.032,989000000.0
94,THC,MRQ,1997-09-30,1997-08-31,1997-08-31,2021-09-08,0.0,11898000000.0,,2418000000.0,9480000000.0,,29.631,-65000000.0,103000000.0,103000000.0,0.0,116000000.0,1.478,2.519,5315000000.0,22000000.0,5293000000.0,5315000000.0,0.0,0.0,0.0,0.0,0.0,305000000.0,305000000.0,0.131,305000000.0,305000000.0,193000000.0,1.013,1.013,1.013,3381000000.0,,3381000000.0,13318979428.0,43.0,,-64000000.0,-0.561,1.0,2331000000.0,1.0,3161000000.0,112000000.0,12313000000.0,,199000000.0,781000000.0,119000000.0,662000000.0,8517000000.0,1636000000.0,6881000000.0,8303979428.0,68000000.0,-126000000.0,0.0,260000000.0,0.0,282000000.0,-215000000.0,0.0,1000000.0,0.0,116000000.0,116000000.0,116000000.0,0.0,0.0,0.05,1726000000.0,605000000.0,514000000.0,0.0,2.456,-37.071,-36.333,5657000000.0,0.0,72.667,0.919,0.918,1347000000.0,,2331000000.0,2331000000.0,0.0,,,,,0.0,966000000.0,1.0,114274946.0,114103125,116129625.0,20.429,8737000000.0,245000000.0,77000000.0,325000000.0,76.571,782000000.0
95,THC,MRQ,1997-06-30,1997-05-31,1997-05-31,2021-09-08,110000000.0,11606000000.0,,2391000000.0,9215000000.0,,26.347,-145000000.0,35000000.0,35000000.0,0.0,-330000000.0,1.351,2.6,5050000000.0,28000000.0,5022000000.0,5050000000.0,0.0,443000000.0,0.0,0.0,0.0,-257000000.0,186000000.0,0.079,186000000.0,-257000000.0,-366000000.0,-2.933,-2.907,-2.933,3224000000.0,,3224000000.0,13135457457.0,50.0,18.632,4000000.0,0.033,1.0,2352000000.0,1.0,3099000000.0,109000000.0,11752000000.0,,193000000.0,773000000.0,116000000.0,657000000.0,8382000000.0,1770000000.0,6612000000.0,8290657457.0,-26000000.0,-110000000.0,71000000.0,105000000.0,0.0,117000000.0,-292000000.0,-70000000.0,149000000.0,0.0,-330000000.0,-330000000.0,-330000000.0,134000000.0,0.0,-0.14,2460000000.0,-108000000.0,540000000.0,0.0,2.572,-33.978,-33.951,5459000000.0,0.0,73.333,0.954,0.962,1346000000.0,819000000.0,2352000000.0,2352000000.0,0.0,,,,,0.0,994000000.0,1.0,113054420.0,122365875,115335750.0,19.221,8507000000.0,294000000.0,-36000000.0,308000000.0,69.521,621000000.0
96,THC,MRQ,1997-03-31,1997-02-28,1997-02-28,2021-09-08,0.0,11586800000.0,,2376400000.0,9210400000.0,,30.436,-91000000.0,61300000.0,61300000.0,0.0,-113000000.0,1.527,2.335,4906100000.0,50600000.0,4855500000.0,4906100000.0,0.0,0.0,0.0,0.0,0.0,-17000000.0,-17000000.0,-0.008,-17000000.0,-17000000.0,-123000000.0,-0.987,-0.987,-0.987,3474800000.0,,3474800000.0,9290096951.0,14.0,,98000000.0,0.858,1.0,2237000000.0,1.0,3259500000.0,106000000.0,11616000000.0,,185900000.0,779400000.0,111800000.0,667600000.0,8112000000.0,1556100000.0,6555900000.0,5969996951.0,-6000000.0,-219000000.0,0.0,103000000.0,0.0,123000000.0,-318000000.0,1000000.0,189000000.0,0.0,-113000000.0,-113000000.0,-113000000.0,0.0,0.0,-0.051,2206000000.0,31000000.0,416800000.0,0.0,1.718,70.318,108.466,5283300000.0,0.0,72.347,0.707,0.978,1348300000.0,,2237000000.0,2237000000.0,0.0,,,,,0.0,911000000.0,1.0,82519309.0,114166125,114166125.0,19.594,8327300000.0,331700000.0,-10000000.0,477200000.0,72.94,820300000.0
97,THC,MRQ,1996-12-31,1996-11-30,1996-11-30,2021-09-08,0.0,8572500000.0,,1635800000.0,6936700000.0,,25.09,-78000000.0,56800000.0,56800000.0,0.0,103000000.0,1.731,2.012,3376900000.0,44400000.0,3332500000.0,3376900000.0,0.0,,0.0,0.0,0.0,276000000.0,,,,276000000.0,174000000.0,0.907,0.907,0.907,2846200000.0,,2846200000.0,,,,,,1.0,2111000000.0,1.0,2692700000.0,102000000.0,8255000000.0,,134700000.0,609000000.0,103100000.0,505900000.0,5726300000.0,944900000.0,4781400000.0,4648587747.0,-55000000.0,-163000000.0,0.0,200000000.0,0.0,210000000.0,-244000000.0,1000000.0,,0.0,103000000.0,103000000.0,103000000.0,0.0,0.0,0.049,1834000000.0,277000000.0,266700000.0,0.0,1.633,15.705,22.24,3738100000.0,0.0,56.333,0.568,0.781,1006300000.0,,2111000000.0,2111000000.0,0.0,,,,,,873000000.0,1.0,82519309.0,113438250,113438250.0,18.609,5879800000.0,253600000.0,71000000.0,440500000.0,51.833,690900000.0
98,THC,MRQ,1996-09-30,1996-08-31,1996-08-31,2021-09-08,,,,,,,,-42000000.0,,,0.0,96000000.0,,,,,,,,,,0.0,0.0,260000000.0,,,,260000000.0,160000000.0,0.853,0.853,0.853,,,,,,,,,1.0,1991000000.0,1.0,,100000000.0,,,,,,,,,,,19000000.0,-295000000.0,0.0,197000000.0,0.0,203000000.0,-271000000.0,68000000.0,,0.0,96000000.0,96000000.0,96000000.0,0.0,0.0,0.048,1730000000.0,261000000.0,,0.0,,,12.499,,0.0,50.333,,0.764,,,1991000000.0,1991000000.0,0.0,,,,,,817000000.0,1.0,,112880625,112880625.0,17.638,,,64000000.0,,,
99,THC,MRQ,1996-06-30,1996-05-31,1996-05-31,2021-09-08,28000000.0,10768000000.0,,2040000000.0,8728000000.0,,32.631,-46500000.0,107000000.0,107000000.0,0.0,-1100000.0,1.324,2.286,4541000000.0,120000000.0,4421000000.0,4541000000.0,0.0,,0.0,0.0,0.0,165700000.0,,,,165700000.0,62700000.0,-0.107,-0.08,-0.107,3277000000.0,,3277000000.0,,,,,,1.0,2102800000.0,1.0,3156000000.0,103000000.0,10505000000.0,,170000000.0,700000000.0,112000000.0,588000000.0,7491000000.0,1541000000.0,5950000000.0,,-12300000.0,-262200000.0,29400000.0,154500000.0,0.0,175500000.0,-360000000.0,-12300000.0,,0.0,-1100000.0,-1100000.0,-1100000.0,25000000.0,0.0,-0.001,1915700000.0,187100000.0,530000000.0,0.0,,,13.96,4984000000.0,0.0,57.333,,0.786,1040000000.0,1096000000.0,2102800000.0,2102800000.0,0.0,,,,,,881000000.0,1.0,,100426500,120124500.0,20.939,7612000000.0,312000000.0,63800000.0,432000000.0,75.797,499000000.0
100,THC,MRQ,1996-03-31,1996-02-28,1996-02-28,2021-09-08,,,,,,,,-116800000.0,,,0.0,98100000.0,,,,,,,,,,0.0,0.0,271200000.0,,,,271200000.0,164000000.0,0.88,0.88,0.88,,,,,,,,,1.0,1972700000.0,1.0,,107200000.0,,,,,,,,,,,15500000.0,-211500000.0,348300000.0,-196800000.0,0.0,154900000.0,-305100000.0,12300000.0,,0.0,98100000.0,98100000.0,98100000.0,0.0,0.0,0.05,1706600000.0,266100000.0,,0.0,,,,,0.0,58.64,,,,,1972700000.0,1972700000.0,0.0,,,,,,803600000.0,1.0,,112231500,112231500.0,17.577,,,65900000.0,,,
101,THC,MRQ,1995-12-31,1995-11-30,1995-11-30,2021-09-08,,,,,,,,,,,0.0,182800000.0,,,,,,,,,,0.0,0.0,387200000.0,,,,387200000.0,305900000.0,2.4,2.267,2.4,,,,,,,,,1.0,1370900000.0,1.0,,81300000.0,,,,,,,,,,,,,,,,,,,,,182800000.0,182800000.0,182800000.0,0.0,0.0,0.133,1179600000.0,191300000.0,,0.0,,,,,0.0,47.653,,,,,1370900000.0,1370900000.0,0.0,,,,,,544700000.0,1.0,,81068625,81068625.0,16.91,,,123100000.0,,,
0,THC,MRT,2021-06-30,2021-06-30,2021-06-30,2021-09-08,-277000000.0,26565000000.0,26603000000.0,7417000000.0,19148000000.0,0.738,2.443,-306000000.0,2194000000.0,2194000000.0,0.0,919000000.0,1.463,89.51,15218000000.0,127000000.0,15091000000.0,15218000000.0,1055000000.0,893000000.0,0.0,0.0,0.0,1453000000.0,2346000000.0,0.12,2346000000.0,1453000000.0,473000000.0,4.1,4.03,4.1,261000000.0,9500000.0,261000000.0,20247886015.0,14.0,8.631,1512000000.0,14.154,1.0,19628000000.0,1.0,10181000000.0,980000000.0,24337000000.0,24417500000.0,364000000.0,2525000000.0,0.0,2525000000.0,23362000000.0,5071000000.0,18291000000.0,7153886015.0,-1320000000.0,-1185000000.0,27000000.0,-1202000000.0,0.0,-1624000000.0,-1514000000.0,-11000000.0,1818000000.0,0.0,434000000.0,434000000.0,434000000.0,0.0,485000000.0,0.022,17537000000.0,2091000000.0,1084000000.0,0.0,27.41,16.484,16.339,6166000000.0,0.0,66.99,0.364,0.365,2643000000.0,-1912000000.0,19628000000.0,19628000000.0,0.0,0.016,45.684,0.06,0.074,47000000.0,8848000000.0,1.0,106790357.0,106822000,108569000.0,183.745,16384000000.0,276000000.0,39000000.0,29000000.0,153.377,2346000000.0
1,THC,MRT,2021-03-31,2021-03-31,2021-03-31,2021-09-08,-282000000.0,26554000000.0,26524250000.0,6699000000.0,19855000000.0,0.709,1.157,-400000000.0,2141000000.0,2141000000.0,0.0,831000000.0,1.359,191.431,15235000000.0,137000000.0,15098000000.0,15235000000.0,917000000.0,878000000.0,0.0,0.0,0.0,1426000000.0,2304000000.0,0.122,2304000000.0,1426000000.0,426000000.0,3.83,3.76,3.83,123000000.0,-120000000.0,123000000.0,18795207340.0,13.0,8.158,3412000000.0,32.095,1.0,18814000000.0,1.0,10389000000.0,1000000000.0,24329000000.0,24367000000.0,368000000.0,2577000000.0,0.0,2577000000.0,23546000000.0,4930000000.0,18616000000.0,5522207340.0,1528000000.0,-1147000000.0,28000000.0,-518000000.0,0.0,-735000000.0,-1549000000.0,4000000.0,3812000000.0,0.0,403000000.0,403000000.0,403000000.0,-1000000.0,428000000.0,0.021,16815000000.0,1999000000.0,1103000000.0,0.0,44.896,13.703,13.577,6592000000.0,0.0,52.0,0.294,0.294,2745000000.0,-2031000000.0,18814000000.0,18814000000.0,0.0,0.015,-3.358,0.059,0.076,45000000.0,8432000000.0,1.0,106196295.0,106309000,108065000.0,176.975,16165000000.0,297000000.0,23000000.0,29000000.0,152.057,1769000000.0
2,THC,MRT,2020-12-31,2020-12-31,2020-12-31,2021-09-08,-281000000.0,27106000000.0,25841500000.0,7147000000.0,19959000000.0,0.717,0.267,-463000000.0,2446000000.0,2446000000.0,0.0,768000000.0,1.475,864.893,15719000000.0,145000000.0,15574000000.0,15719000000.0,659000000.0,857000000.0,0.0,0.0,0.0,1305000000.0,2162000000.0,0.117,2162000000.0,1305000000.0,302000000.0,3.8,3.75,3.8,28000000.0,-240250000.0,28000000.0,16629295647.0,13.0,7.692,2944000000.0,28.035,1.0,18522000000.0,1.0,10408000000.0,1003000000.0,25124000000.0,24645500000.0,368000000.0,2534000000.0,0.0,2534000000.0,24217000000.0,4847000000.0,19370000000.0,4213295647.0,2184000000.0,-1177000000.0,23000000.0,477000000.0,0.0,385000000.0,-1608000000.0,15000000.0,3407000000.0,0.0,399000000.0,399000000.0,399000000.0,0.0,369000000.0,0.022,16702000000.0,1820000000.0,1207000000.0,0.0,150.475,10.56,10.508,6692000000.0,0.0,39.93,0.227,0.226,2690000000.0,-2128000000.0,18522000000.0,18522000000.0,0.0,0.015,-1.661,0.053,0.07,44000000.0,8418000000.0,1.0,105517046.0,105010000,106263000.0,176.383,16698000000.0,325000000.0,-97000000.0,29000000.0,159.013,2300000000.0
3,THC,MRT,2020-09-30,2020-09-30,2020-09-30,2021-09-08,-251000000.0,26187000000.0,24906250000.0,7808000000.0,18379000000.0,0.722,-3.553,-520000000.0,3300000000.0,3300000000.0,0.0,346000000.0,1.336,-64.668,15716000000.0,155000000.0,15561000000.0,15716000000.0,1500000000.0,847000000.0,0.0,0.0,0.0,844000000.0,1691000000.0,0.094,1691000000.0,844000000.0,-160000000.0,-0.16,-0.18,-0.16,-374000000.0,-351500000.0,-374000000.0,14957089831.0,18.0,8.845,2961000000.0,28.13,1.0,17976000000.0,1.0,8880000000.0,1004000000.0,23880000000.0,24563250000.0,349000000.0,2445000000.0,0.0,2445000000.0,24186000000.0,5843000000.0,18343000000.0,2583089831.0,2986000000.0,-63000000.0,21000000.0,195000000.0,0.0,104000000.0,-599000000.0,-4000000.0,3481000000.0,0.0,-18000000.0,-18000000.0,-18000000.0,11000000.0,364000000.0,-0.001,16617000000.0,1359000000.0,1025000000.0,0.0,-6.907,-143.505,-153.188,6618000000.0,0.0,24.51,0.144,0.144,2479000000.0,-2542000000.0,17976000000.0,17976000000.0,0.0,-0.001,0.051,0.034,0.047,46000000.0,8423000000.0,1.0,105389222.0,105263000,105263000.0,170.772,17307000000.0,438000000.0,-142000000.0,27000000.0,164.417,1965000000.0
4,THC,MRT,2020-06-30,2020-06-30,2020-06-30,2021-09-08,-255000000.0,26250000000.0,24198750000.0,7947000000.0,18303000000.0,0.746,-2.452,-587000000.0,3514000000.0,3514000000.0,0.0,306000000.0,1.423,-93.603,15888000000.0,160000000.0,15728000000.0,15888000000.0,1496000000.0,837000000.0,0.0,0.0,0.0,1014000000.0,1851000000.0,0.103,1851000000.0,1014000000.0,29000000.0,-0.48,-0.5,-0.48,-257000000.0,-343250000.0,-257000000.0,16530392055.0,16.0,8.931,2720000000.0,25.956,1.0,18053000000.0,1.0,8904000000.0,985000000.0,24135000000.0,24894000000.0,337000000.0,2464000000.0,0.0,2464000000.0,24056000000.0,5585000000.0,18471000000.0,1896392055.0,3265000000.0,-68000000.0,14000000.0,559000000.0,0.0,563000000.0,-605000000.0,50000000.0,3307000000.0,0.0,-48000000.0,-48000000.0,-48000000.0,11000000.0,354000000.0,-0.003,16657000000.0,1396000000.0,1018000000.0,0.0,-7.379,-39.508,-37.729,6703000000.0,0.0,18.11,0.105,0.105,2435000000.0,-2346000000.0,18053000000.0,18053000000.0,0.0,-0.002,0.14,0.041,0.056,46000000.0,8453000000.0,1.0,104715188.0,104794000,105578000.0,172.271,17346000000.0,250000000.0,77000000.0,27000000.0,165.525,2362000000.0
5,THC,MRT,2020-03-31,2020-03-31,2020-03-31,2021-09-08,-256000000.0,23823000000.0,23438000000.0,5388000000.0,18435000000.0,0.787,-3.431,-627000000.0,613000000.0,613000000.0,0.0,258000000.0,1.316,-60.877,15247000000.0,165000000.0,15082000000.0,15247000000.0,0.0,845000000.0,0.0,0.0,0.0,932000000.0,1777000000.0,0.096,1777000000.0,932000000.0,-45000000.0,-1.07,-1.08,-1.07,-358000000.0,-306000000.0,-358000000.0,15990758662.0,17.0,8.999,725000000.0,6.948,1.0,18454000000.0,1.0,8919000000.0,977000000.0,25443000000.0,25070500000.0,324000000.0,2467000000.0,0.0,2467000000.0,21794000000.0,4095000000.0,17699000000.0,1501758662.0,361000000.0,-78000000.0,13000000.0,-83000000.0,0.0,-307000000.0,-684000000.0,26000000.0,1352000000.0,0.0,-110000000.0,-110000000.0,-110000000.0,9000000.0,368000000.0,-0.006,17140000000.0,1314000000.0,1079000000.0,0.0,-4.195,-13.652,-13.458,6786000000.0,0.0,14.4,0.081,0.081,2722000000.0,-2434000000.0,18454000000.0,18454000000.0,0.0,-0.005,0.359,0.037,0.051,44000000.0,8734000000.0,1.0,104288796.0,104353000,105733000.0,176.842,14904000000.0,281000000.0,65000000.0,27000000.0,142.823,1293000000.0
6,THC,MRT,2019-12-31,2019-12-31,2019-12-31,2021-09-08,-257000000.0,23365000000.0,23271750000.0,5081000000.0,18284000000.0,0.794,-4.033,-590000000.0,262000000.0,262000000.0,0.0,171000000.0,1.208,-51.372,14751000000.0,171000000.0,14580000000.0,14751000000.0,61000000.0,850000000.0,0.0,0.0,0.0,930000000.0,1780000000.0,0.096,1780000000.0,930000000.0,-55000000.0,-2.08,-2.08,-2.08,-417000000.0,-250000000.0,-417000000.0,18660134076.0,20.0,10.483,643000000.0,6.219,1.0,18479000000.0,1.0,8854000000.0,985000000.0,24795000000.0,25008500000.0,310000000.0,2369000000.0,0.0,2369000000.0,21422000000.0,4205000000.0,17217000000.0,3951134076.0,-149000000.0,-25000000.0,12000000.0,-482000000.0,0.0,-763000000.0,-619000000.0,20000000.0,1233000000.0,0.0,-215000000.0,-215000000.0,-215000000.0,0.0,386000000.0,-0.012,17117000000.0,1362000000.0,1204000000.0,0.0,-9.475,-18.377,-18.284,6878000000.0,0.0,38.03,0.214,0.213,2743000000.0,-2513000000.0,18479000000.0,18479000000.0,0.0,-0.009,0.86,0.037,0.05,42000000.0,8698000000.0,1.0,103895190.0,103398000,103398000.0,178.717,14511000000.0,193000000.0,160000000.0,27000000.0,140.341,876000000.0
7,THC,MRT,2019-09-30,2019-09-30,2019-09-30,2021-09-08,-216000000.0,23357000000.0,23032750000.0,4789000000.0,18568000000.0,0.794,-3.293,-599000000.0,314000000.0,314000000.0,0.0,142000000.0,1.219,-62.736,15023000000.0,165000000.0,14858000000.0,15023000000.0,0.0,827000000.0,0.0,0.0,0.0,892000000.0,1719000000.0,0.094,1719000000.0,892000000.0,-96000000.0,-2.16,-2.16,-2.16,-341000000.0,-175500000.0,-341000000.0,17015280267.0,19.0,9.898,364000000.0,3.515,1.0,18292000000.0,1.0,8935000000.0,988000000.0,25203000000.0,24798500000.0,311000000.0,2380000000.0,0.0,2380000000.0,21393000000.0,3928000000.0,17465000000.0,2288280267.0,-186000000.0,-39000000.0,5000000.0,-220000000.0,0.0,-488000000.0,-661000000.0,-44000000.0,963000000.0,0.0,-224000000.0,-224000000.0,-224000000.0,0.0,366000000.0,-0.012,16982000000.0,1310000000.0,1125000000.0,0.0,-6.71,-10.216,-10.241,7001000000.0,0.0,22.12,0.125,0.125,2768000000.0,-2469000000.0,18292000000.0,18292000000.0,0.0,-0.01,1.276,0.036,0.049,46000000.0,8623000000.0,1.0,103448475.0,103558000,103558000.0,176.635,14422000000.0,270000000.0,128000000.0,36000000.0,139.265,861000000.0
8,THC,MRT,2019-06-30,2019-06-30,2019-06-30,2021-09-08,-219000000.0,23207000000.0,22759750000.0,4704000000.0,18503000000.0,0.8,-1.047,-566000000.0,249000000.0,249000000.0,0.0,353000000.0,1.133,-194.704,14976000000.0,664000000.0,14312000000.0,14976000000.0,0.0,826000000.0,0.0,0.0,0.0,1098000000.0,1924000000.0,0.106,1924000000.0,1098000000.0,105000000.0,-0.07,-0.07,-0.07,-108000000.0,-117250000.0,-108000000.0,16850700116.0,15.0,8.758,316000000.0,3.062,1.0,18213000000.0,1.0,8943000000.0,993000000.0,24841000000.0,24326750000.0,309000000.0,2297000000.0,0.0,2297000000.0,21028000000.0,4150000000.0,16878000000.0,2130700116.0,-154000000.0,-37000000.0,5000000.0,-122000000.0,0.0,-393000000.0,-643000000.0,-60000000.0,882000000.0,0.0,-7000000.0,-7000000.0,-7000000.0,1000000.0,360000000.0,0.0,16880000000.0,1333000000.0,1088000000.0,0.0,-19.729,-304.386,-295.143,6995000000.0,0.0,20.66,0.117,0.117,2734000000.0,-2237000000.0,18213000000.0,18213000000.0,0.0,0.0,0.06,0.045,0.06,49000000.0,8567000000.0,1.0,103131661.0,103198000,104629000.0,176.486,14264000000.0,287000000.0,112000000.0,36000000.0,138.22,554000000.0
9,THC,MRT,2019-03-31,2019-03-31,2019-03-31,2021-09-08,-221000000.0,23158000000.0,22543750000.0,4582000000.0,18576000000.0,0.806,-1.304,-490000000.0,252000000.0,252000000.0,0.0,340000000.0,1.23,-157.052,14972000000.0,158000000.0,14814000000.0,14972000000.0,0.0,806000000.0,0.0,0.0,0.0,1116000000.0,1922000000.0,0.106,1922000000.0,1116000000.0,116000000.0,-0.07,-0.07,-0.07,-134000000.0,-128750000.0,-134000000.0,17375925999.0,16.0,9.041,456000000.0,4.436,1.0,18159000000.0,1.0,8958000000.0,1000000000.0,25195000000.0,23977000000.0,308000000.0,2331000000.0,0.0,2331000000.0,21045000000.0,3725000000.0,17320000000.0,2960925999.0,-722000000.0,-99000000.0,8000000.0,-146000000.0,0.0,-1041000000.0,-627000000.0,-53000000.0,946000000.0,0.0,-7000000.0,-7000000.0,-7000000.0,3000000.0,347000000.0,0.0,16817000000.0,1342000000.0,1101000000.0,0.0,-22.096,-422.989,-412.0,6996000000.0,0.0,28.84,0.163,0.163,2744000000.0,-2254000000.0,18159000000.0,18159000000.0,0.0,0.0,0.054,0.047,0.061,48000000.0,8557000000.0,1.0,102667337.0,102788000,102788000.0,176.665,14200000000.0,308000000.0,123000000.0,36000000.0,138.148,857000000.0
10,THC,MRT,2018-12-31,2018-12-31,2018-12-31,2021-09-08,-223000000.0,22409000000.0,22550250000.0,4636000000.0,17773000000.0,0.812,-1.165,-74000000.0,411000000.0,411000000.0,0.0,459000000.0,1.202,-170.605,14826000000.0,182000000.0,14644000000.0,14826000000.0,0.0,802000000.0,0.0,0.0,0.0,1281000000.0,2083000000.0,0.114,2083000000.0,1281000000.0,277000000.0,1.02,1.0,1.02,-119000000.0,-111500000.0,-119000000.0,16106820862.0,13.0,7.733,975000000.0,9.549,1.0,18313000000.0,1.0,9012000000.0,1004000000.0,23955000000.0,23605750000.0,305000000.0,1456000000.0,0.0,1456000000.0,20302000000.0,3857000000.0,16445000000.0,1756820862.0,-200000000.0,-113000000.0,16000000.0,-289000000.0,0.0,-1134000000.0,-115000000.0,51000000.0,1049000000.0,0.0,104000000.0,104000000.0,104000000.0,0.0,355000000.0,0.006,16826000000.0,1487000000.0,1207000000.0,0.0,-14.763,16.893,16.804,6993000000.0,0.0,17.14,0.096,0.096,2595000000.0,-2236000000.0,18313000000.0,18313000000.0,0.0,0.005,-0.933,0.054,0.07,46000000.0,8633000000.0,1.0,102498300.0,102110000,103881000.0,179.346,13397000000.0,333000000.0,173000000.0,36000000.0,131.202,779000000.0
11,THC,MRT,2018-09-30,2018-09-30,2018-09-30,2021-09-08,-202000000.0,22265000000.0,22794250000.0,4492000000.0,17773000000.0,0.819,-1.055,-120000000.0,500000000.0,500000000.0,0.0,265000000.0,1.063,-186.694,14850000000.0,672000000.0,14178000000.0,14850000000.0,0.0,810000000.0,0.0,0.0,0.0,1342000000.0,2152000000.0,0.115,2152000000.0,1342000000.0,331000000.0,-1.13,-1.15,-1.13,-108000000.0,-118500000.0,-108000000.0,17378230801.0,13.0,8.075,1170000000.0,11.426,1.0,18672000000.0,1.0,9075000000.0,1011000000.0,23316000000.0,23765750000.0,307000000.0,1462000000.0,0.0,1462000000.0,20163000000.0,4224000000.0,15939000000.0,2914230801.0,71000000.0,-106000000.0,17000000.0,-256000000.0,0.0,-1133000000.0,-86000000.0,121000000.0,1290000000.0,0.0,-113000000.0,-113000000.0,-113000000.0,-1000000.0,378000000.0,-0.006,17090000000.0,1582000000.0,1065000000.0,0.0,-26.984,-25.79,-25.186,6888000000.0,0.0,28.46,0.156,0.156,2484000000.0,-2231000000.0,18672000000.0,18672000000.0,0.0,-0.005,0.954,0.056,0.072,49000000.0,8762000000.0,1.0,102397428.0,102402000,102402000.0,182.34,13190000000.0,375000000.0,444000000.0,36000000.0,128.806,268000000.0
12,THC,MRT,2018-06-30,2018-06-30,2018-06-30,2021-09-08,-243000000.0,22343000000.0,23030000000.0,4705000000.0,17638000000.0,0.815,-1.508,607000000.0,403000000.0,403000000.0,0.0,-89000000.0,1.081,-132.065,14867000000.0,663000000.0,14204000000.0,14867000000.0,0.0,825000000.0,0.0,0.0,0.0,926000000.0,1751000000.0,0.093,1751000000.0,926000000.0,-93000000.0,-4.68,-4.7,-4.68,-154000000.0,-85500000.0,-154000000.0,17340844315.0,19.0,9.903,1867000000.0,18.278,1.0,18769000000.0,1.0,9011000000.0,1019000000.0,23442000000.0,24120500000.0,298000000.0,1416000000.0,0.0,1416000000.0,20338000000.0,4354000000.0,15984000000.0,3425844315.0,-72000000.0,-113000000.0,18000000.0,-332000000.0,0.0,-1886000000.0,554000000.0,47000000.0,1260000000.0,0.0,-471000000.0,-471000000.0,-471000000.0,0.0,382000000.0,-0.025,17461000000.0,1308000000.0,1047000000.0,0.0,-22.246,-7.274,-7.173,6863000000.0,0.0,33.57,0.183,0.183,2483000000.0,-2222000000.0,18769000000.0,18769000000.0,0.0,-0.02,5.509,0.038,0.049,50000000.0,8910000000.0,1.0,102050769.0,102147000,104177000.0,183.745,13332000000.0,376000000.0,378000000.0,36000000.0,130.518,351000000.0
13,THC,MRT,2018-03-31,2018-03-31,2018-03-31,2021-09-08,-239000000.0,23184000000.0,23529500000.0,5634000000.0,17550000000.0,0.81,-0.641,580000000.0,974000000.0,974000000.0,0.0,-165000000.0,1.235,-317.323,14889000000.0,666000000.0,14223000000.0,14889000000.0,0.0,853000000.0,0.0,0.0,0.0,795000000.0,1648000000.0,0.086,1648000000.0,795000000.0,-230000000.0,-5.48,-5.5,-5.48,-65000000.0,46250000.0,-65000000.0,16777867909.0,21.0,10.181,1707000000.0,16.836,1.0,19065000000.0,1.0,8828000000.0,1025000000.0,23710000000.0,24690250000.0,294000000.0,1433000000.0,0.0,1433000000.0,20626000000.0,4561000000.0,16065000000.0,2451867909.0,402000000.0,-60000000.0,14000000.0,-405000000.0,0.0,-1308000000.0,583000000.0,51000000.0,1127000000.0,0.0,-552000000.0,-552000000.0,-552000000.0,-1000000.0,387000000.0,-0.029,17842000000.0,1223000000.0,1059000000.0,0.0,-37.721,-4.442,-4.425,6906000000.0,0.0,24.25,0.129,0.129,2519000000.0,-2248000000.0,19065000000.0,19065000000.0,0.0,-0.023,-11.935,0.032,0.042,55000000.0,9121000000.0,1.0,101107955.0,101392000,102656000.0,188.033,14356000000.0,403000000.0,322000000.0,36000000.0,141.589,1073000000.0
14,THC,MRT,2017-12-31,2017-12-31,2017-12-31,2021-09-08,-204000000.0,23385000000.0,23861000000.0,5573000000.0,17812000000.0,0.804,-1.461,120000000.0,611000000.0,611000000.0,0.0,-320000000.0,1.286,-142.721,14937000000.0,146000000.0,14791000000.0,14937000000.0,0.0,870000000.0,0.0,0.0,0.0,543000000.0,1413000000.0,0.074,1413000000.0,543000000.0,-485000000.0,-7.0,-7.0,-7.0,-147000000.0,170000000.0,-147000000.0,15982202934.0,29.0,11.311,1320000000.0,13.122,1.0,19179000000.0,1.0,8784000000.0,1028000000.0,24595000000.0,25287000000.0,289000000.0,1543000000.0,0.0,1543000000.0,20980000000.0,4332000000.0,16648000000.0,1530202934.0,-105000000.0,-50000000.0,7000000.0,-406000000.0,0.0,-1326000000.0,21000000.0,-45000000.0,1200000000.0,0.0,-704000000.0,-704000000.0,-704000000.0,0.0,384000000.0,-0.037,18210000000.0,969000000.0,1175000000.0,0.0,-10.41,-2.174,-2.166,7030000000.0,0.0,15.16,0.08,0.08,2616000000.0,-2390000000.0,19179000000.0,19179000000.0,0.0,-0.03,-4.141,0.021,0.028,59000000.0,9274000000.0,1.0,100936869.0,100592000,100592000.0,190.661,14601000000.0,460000000.0,219000000.0,36000000.0,145.151,1241000000.0
15,THC,MRT,2017-09-30,2017-09-30,2017-09-30,2021-09-08,-238000000.0,23208000000.0,24190000000.0,5309000000.0,17899000000.0,0.788,0.238,73000000.0,429000000.0,429000000.0,0.0,-198000000.0,1.283,862.375,14881000000.0,140000000.0,14741000000.0,14881000000.0,0.0,880000000.0,0.0,0.0,0.0,371000000.0,1251000000.0,0.066,1251000000.0,371000000.0,-653000000.0,-5.51,-5.51,-5.51,24000000.0,311000000.0,24000000.0,16336481456.0,44.0,13.059,489000000.0,4.851,1.0,19061000000.0,1.0,8786000000.0,1024000000.0,24735000000.0,25622250000.0,297000000.0,1253000000.0,0.0,1253000000.0,20697000000.0,4139000000.0,16558000000.0,1656481456.0,-220000000.0,-62000000.0,5000000.0,330000000.0,0.0,-583000000.0,-53000000.0,-20000000.0,416000000.0,0.0,-554000000.0,-554000000.0,-554000000.0,-4000000.0,356000000.0,-0.029,18294000000.0,767000000.0,1100000000.0,0.0,69.02,-2.99,-2.982,7077000000.0,0.0,16.43,0.087,0.087,2567000000.0,-2161000000.0,19061000000.0,19061000000.0,0.0,-0.023,-1.781,0.014,0.019,61000000.0,9306000000.0,1.0,100820539.0,100812000,100812000.0,189.075,14422000000.0,797000000.0,-99000000.0,0.0,143.058,1170000000.0
16,THC,MRT,2017-06-30,2017-06-30,2017-06-30,2021-09-08,-242000000.0,24341000000.0,24506500000.0,5382000000.0,18959000000.0,0.789,3.707,-736000000.0,475000000.0,475000000.0,0.0,171000000.0,1.241,57.654,15155000000.0,143000000.0,15012000000.0,15155000000.0,0.0,866000000.0,0.0,0.0,0.0,786000000.0,1652000000.0,0.085,1652000000.0,786000000.0,-224000000.0,-1.95,-1.95,-1.95,373000000.0,437000000.0,373000000.0,16590257394.0,21.0,10.043,-359000000.0,-3.568,1.0,19324000000.0,1.0,8963000000.0,1010000000.0,25721000000.0,25577500000.0,316000000.0,1238000000.0,0.0,1238000000.0,21505000000.0,4337000000.0,17168000000.0,1944257394.0,-181000000.0,-49000000.0,4000000.0,449000000.0,0.0,234000000.0,-792000000.0,48000000.0,377000000.0,0.0,-195000000.0,-195000000.0,-195000000.0,-6000000.0,366000000.0,-0.01,18262000000.0,1062000000.0,1086000000.0,0.0,5.212,-9.971,-9.918,7738000000.0,0.0,19.34,0.101,0.101,2706000000.0,-1794000000.0,19324000000.0,19324000000.0,0.0,-0.008,-0.446,0.031,0.041,62000000.0,9350000000.0,1.0,100530372.0,100612000,100612000.0,192.065,15378000000.0,1027000000.0,-29000000.0,296000000.0,152.845,1045000000.0
17,THC,MRT,2017-03-31,2017-03-31,2017-03-31,2021-09-08,-255000000.0,24510000000.0,24481250000.0,5052000000.0,19458000000.0,0.792,4.3,-845000000.0,572000000.0,572000000.0,0.0,178000000.0,1.341,48.805,15218000000.0,147000000.0,15071000000.0,15218000000.0,0.0,859000000.0,0.0,0.0,0.0,775000000.0,1634000000.0,0.084,1634000000.0,775000000.0,-219000000.0,-1.86,-1.86,-1.86,430000000.0,474500000.0,430000000.0,16306695934.0,21.0,9.98,-248000000.0,-2.48,1.0,19390000000.0,1.0,9292000000.0,994000000.0,26097000000.0,25272000000.0,324000000.0,1260000000.0,0.0,1260000000.0,20986000000.0,3767000000.0,17219000000.0,1767695934.0,-156000000.0,-94000000.0,6000000.0,546000000.0,0.0,186000000.0,-939000000.0,37000000.0,597000000.0,0.0,-186000000.0,-186000000.0,-186000000.0,-3000000.0,364000000.0,-0.01,18366000000.0,1024000000.0,1179000000.0,0.0,4.111,-9.504,-9.522,7976000000.0,0.0,17.71,0.091,0.091,2960000000.0,-1739000000.0,19390000000.0,19390000000.0,0.0,-0.008,-0.392,0.031,0.04,65000000.0,9313000000.0,1.0,99813435.0,100000000,100000000.0,193.9,15218000000.0,956000000.0,-33000000.0,289000000.0,152.18,1285000000.0
18,THC,MRT,2016-12-31,2016-12-31,2016-12-31,2021-09-08,-258000000.0,24701000000.0,24295250000.0,5257000000.0,19444000000.0,0.808,4.199,-302000000.0,716000000.0,716000000.0,0.0,176000000.0,1.303,50.902,15255000000.0,191000000.0,15064000000.0,15255000000.0,0.0,850000000.0,0.0,0.0,0.0,854000000.0,1704000000.0,0.087,1704000000.0,854000000.0,-125000000.0,-1.93,-1.93,-1.93,417000000.0,523250000.0,417000000.0,15336593402.0,18.0,9.0,256000000.0,2.578,1.0,19621000000.0,1.0,9270000000.0,979000000.0,25936000000.0,24868750000.0,326000000.0,1250000000.0,0.0,1250000000.0,21226000000.0,4034000000.0,17192000000.0,1478593402.0,360000000.0,-117000000.0,4000000.0,594000000.0,0.0,232000000.0,-430000000.0,23000000.0,558000000.0,0.0,-192000000.0,-192000000.0,-192000000.0,0.0,368000000.0,-0.01,18505000000.0,1116000000.0,1329000000.0,0.0,3.546,-7.701,-7.689,8053000000.0,0.0,14.84,0.075,0.075,2897000000.0,-1742000000.0,19621000000.0,19621000000.0,0.0,-0.008,-0.367,0.034,0.044,68000000.0,9328000000.0,1.0,99635674.0,99321000,99321000.0,197.551,15431000000.0,875000000.0,67000000.0,279000000.0,155.365,1223000000.0
19,THC,MRT,2016-09-30,2016-09-30,2016-09-30,2021-09-08,-200000000.0,24474000000.0,24040500000.0,5116000000.0,19358000000.0,0.823,5.305,204000000.0,649000000.0,649000000.0,0.0,155000000.0,1.125,39.777,14507000000.0,184000000.0,14323000000.0,14507000000.0,0.0,840000000.0,0.0,0.0,0.0,897000000.0,1737000000.0,0.088,1737000000.0,897000000.0,-81000000.0,-2.12,-2.12,-2.12,528000000.0,591750000.0,528000000.0,16100076067.0,18.0,9.269,1246000000.0,12.52,1.0,19787000000.0,1.0,9229000000.0,978000000.0,24556000000.0,24605500000.0,322000000.0,1324000000.0,0.0,1324000000.0,21002000000.0,4547000000.0,16455000000.0,2255076067.0,199000000.0,-316000000.0,-36000000.0,-311000000.0,0.0,-648000000.0,-195000000.0,-75000000.0,1042000000.0,0.0,-210000000.0,-210000000.0,-210000000.0,0.0,365000000.0,-0.011,18620000000.0,1167000000.0,1228000000.0,0.0,4.271,-10.738,-10.689,7965000000.0,0.0,22.66,0.114,0.114,2786000000.0,-1663000000.0,19787000000.0,19787000000.0,0.0,-0.009,-0.355,0.036,0.045,70000000.0,9434000000.0,1.0,99517920.0,99523000,99523000.0,198.818,15245000000.0,851000000.0,129000000.0,320000000.0,153.181,569000000.0
20,THC,MRT,2016-06-30,2016-06-30,2016-06-30,2021-09-08,-203000000.0,24240000000.0,23715250000.0,4993000000.0,19247000000.0,0.828,5.265,226000000.0,656000000.0,656000000.0,0.0,103000000.0,1.127,39.795,14501000000.0,181000000.0,14320000000.0,14501000000.0,0.0,820000000.0,0.0,0.0,0.0,882000000.0,1702000000.0,0.087,1702000000.0,882000000.0,-101000000.0,-2.33,-2.33,-2.33,523000000.0,660250000.0,523000000.0,16538773892.0,19.0,9.717,1481000000.0,14.908,1.0,19630000000.0,1.0,9156000000.0,983000000.0,24499000000.0,24703500000.0,316000000.0,1317000000.0,0.0,1317000000.0,20813000000.0,4430000000.0,16383000000.0,2744773892.0,357000000.0,-398000000.0,-31000000.0,-270000000.0,0.0,-620000000.0,-278000000.0,-94000000.0,1255000000.0,0.0,-231000000.0,-231000000.0,-231000000.0,2000000.0,334000000.0,-0.012,18512000000.0,1118000000.0,1272000000.0,0.0,5.248,-11.882,-11.863,7977000000.0,0.0,27.64,0.14,0.14,2734000000.0,-1655000000.0,19630000000.0,19630000000.0,0.0,-0.01,-0.35,0.036,0.045,71000000.0,9384000000.0,1.0,99304410.0,99341000,99341000.0,197.602,15084000000.0,800000000.0,130000000.0,274000000.0,151.841,563000000.0
21,THC,MRT,2016-03-31,2016-03-31,2016-03-31,2021-09-08,-160000000.0,23766000000.0,23341750000.0,5129000000.0,18637000000.0,0.825,6.328,256000000.0,728000000.0,728000000.0,0.0,36000000.0,1.202,32.734,14522000000.0,172000000.0,14350000000.0,14522000000.0,0.0,802000000.0,0.0,0.0,0.0,829000000.0,1631000000.0,0.085,1631000000.0,829000000.0,-127000000.0,-2.48,-2.48,-2.48,625000000.0,730250000.0,625000000.0,17004454153.0,21.0,10.426,1486000000.0,15.045,1.0,19254000000.0,1.0,8808000000.0,956000000.0,24484000000.0,24811500000.0,312000000.0,1142000000.0,0.0,1142000000.0,20459000000.0,4268000000.0,16191000000.0,2850454153.0,543000000.0,-958000000.0,-32000000.0,277000000.0,0.0,123000000.0,-810000000.0,-86000000.0,1230000000.0,0.0,-246000000.0,-246000000.0,-246000000.0,1000000.0,282000000.0,-0.013,18232000000.0,1022000000.0,1228000000.0,0.0,4.561,-11.587,-11.665,7961000000.0,0.0,28.93,0.148,0.148,2807000000.0,-1609000000.0,19254000000.0,19254000000.0,0.0,-0.011,-0.337,0.033,0.043,70000000.0,9260000000.0,1.0,98529352.0,98768000,98768000.0,194.942,14958000000.0,726000000.0,119000000.0,0.0,151.446,861000000.0
22,THC,MRT,2015-12-31,2015-12-31,2015-12-31,2021-09-08,-164000000.0,23682000000.0,22006500000.0,5171000000.0,18511000000.0,0.847,6.968,-293000000.0,356000000.0,356000000.0,0.0,78000000.0,1.2,29.606,14510000000.0,127000000.0,14383000000.0,14510000000.0,0.0,797000000.0,0.0,0.0,0.0,840000000.0,1637000000.0,0.088,1637000000.0,840000000.0,-72000000.0,-1.41,-1.41,-1.41,691000000.0,783750000.0,691000000.0,17323977002.0,21.0,10.583,733000000.0,7.392,1.0,18634000000.0,1.0,8645000000.0,912000000.0,24883000000.0,24062500000.0,309000000.0,1175000000.0,0.0,1175000000.0,20458000000.0,4308000000.0,16150000000.0,3019977002.0,163000000.0,-940000000.0,-25000000.0,809000000.0,0.0,454000000.0,-1317000000.0,-74000000.0,1026000000.0,0.0,-140000000.0,-140000000.0,-140000000.0,0.0,218000000.0,-0.008,17656000000.0,978000000.0,1380000000.0,0.0,4.37,-21.571,-21.489,7915000000.0,0.0,30.3,0.162,0.161,2704000000.0,-1550000000.0,18634000000.0,18634000000.0,0.0,-0.006,-0.179,0.035,0.045,69000000.0,8990000000.0,1.0,99669208.0,99167000,99167000.0,187.905,15037000000.0,783000000.0,68000000.0,37000000.0,151.633,863000000.0
23,THC,MRT,2015-09-30,2015-09-30,2015-09-30,2021-09-08,-173000000.0,23173000000.0,20573750000.0,6296000000.0,16877000000.0,0.878,8.057,-735000000.0,450000000.0,450000000.0,0.0,157000000.0,1.538,25.527,14754000000.0,112000000.0,14642000000.0,14754000000.0,0.0,829000000.0,0.0,0.0,0.0,938000000.0,1767000000.0,0.098,1767000000.0,938000000.0,78000000.0,0.2,0.19,0.2,802000000.0,773750000.0,802000000.0,18130907347.0,19.0,10.261,319000000.0,3.205,1.0,18073000000.0,1.0,8436000000.0,860000000.0,24948000000.0,23041000000.0,275000000.0,1029000000.0,0.0,1029000000.0,20473000000.0,4093000000.0,16380000000.0,3675907347.0,250000000.0,-963000000.0,18000000.0,1202000000.0,0.0,876000000.0,-1680000000.0,38000000.0,1054000000.0,0.0,18000000.0,18000000.0,18000000.0,-20000000.0,139000000.0,0.001,17046000000.0,1027000000.0,1206000000.0,0.0,4.583,204.217,184.6,7330000000.0,0.0,36.92,0.203,0.203,2525000000.0,-1453000000.0,18073000000.0,18073000000.0,0.0,0.001,0.023,0.041,0.052,60000000.0,8686000000.0,1.0,99564121.0,99537000,99537000.0,181.571,14737000000.0,740000000.0,60000000.0,0.0,148.055,2203000000.0
24,THC,MRT,2015-06-30,2015-06-30,2015-06-30,2021-09-08,-177000000.0,22746000000.0,19108500000.0,6009000000.0,16737000000.0,0.919,8.091,-763000000.0,299000000.0,299000000.0,0.0,147000000.0,1.592,25.077,14754000000.0,117000000.0,14637000000.0,14754000000.0,0.0,851000000.0,0.0,0.0,0.0,885000000.0,1736000000.0,0.099,1736000000.0,885000000.0,87000000.0,0.58,0.57,0.58,803000000.0,757000000.0,803000000.0,17892055254.0,20.0,10.306,30000000.0,0.302,1.0,17556000000.0,1.0,8496000000.0,798000000.0,24931000000.0,21960000000.0,261000000.0,1017000000.0,0.0,1017000000.0,20137000000.0,3774000000.0,16363000000.0,5743055254.0,-107000000.0,-1022000000.0,24000000.0,1100000000.0,0.0,831000000.0,-1731000000.0,46000000.0,793000000.0,0.0,56000000.0,56000000.0,56000000.0,-20000000.0,91000000.0,0.003,16581000000.0,975000000.0,1149000000.0,0.0,7.152,102.555,99.793,7135000000.0,0.0,57.88,0.327,0.327,2505000000.0,-1424000000.0,17556000000.0,17556000000.0,0.0,0.003,0.074,0.04,0.05,58000000.0,8456000000.0,1.0,99223484.0,99244000,99244000.0,176.897,14250000000.0,753000000.0,31000000.0,0.0,143.586,2235000000.0
25,THC,MRT,2015-03-31,2015-03-31,2015-03-31,2021-09-08,-179000000.0,18425000000.0,17648750000.0,5124000000.0,13301000000.0,0.969,8.501,-830000000.0,185000000.0,185000000.0,0.0,168000000.0,1.372,20.554,12334000000.0,510000000.0,11824000000.0,12334000000.0,0.0,863000000.0,0.0,0.0,0.0,928000000.0,1791000000.0,0.105,1791000000.0,928000000.0,157000000.0,0.92,0.91,0.92,839000000.0,737000000.0,839000000.0,16490448436.0,18.0,9.207,-181000000.0,-1.834,1.0,17102000000.0,1.0,5352000000.0,771000000.0,21488000000.0,20787250000.0,268000000.0,355000000.0,0.0,355000000.0,17245000000.0,3734000000.0,13511000000.0,4876448436.0,44000000.0,-430000000.0,27000000.0,867000000.0,0.0,613000000.0,-1218000000.0,43000000.0,649000000.0,0.0,91000000.0,91000000.0,91000000.0,-5000000.0,77000000.0,0.005,16072000000.0,1030000000.0,1098000000.0,0.0,5.812,53.587,53.815,7528000000.0,0.0,49.51,0.285,0.286,2468000000.0,-1363000000.0,17102000000.0,17102000000.0,0.0,0.005,0.123,0.045,0.054,54000000.0,8227000000.0,1.0,98494212.0,98699000,100872000.0,173.274,13073000000.0,786000000.0,66000000.0,0.0,132.453,1390000000.0
26,THC,MRT,2014-12-31,2014-12-31,2014-12-31,2021-09-08,-182000000.0,17951000000.0,17163500000.0,3970000000.0,13981000000.0,0.967,6.656,-927000000.0,193000000.0,193000000.0,0.0,76000000.0,1.11,25.753,11617000000.0,112000000.0,11505000000.0,11617000000.0,0.0,849000000.0,0.0,0.0,0.0,815000000.0,1664000000.0,0.1,1664000000.0,815000000.0,61000000.0,0.12,0.12,0.12,651000000.0,709250000.0,651000000.0,16332855302.0,20.0,9.815,-240000000.0,-2.454,1.0,16603000000.0,1.0,5001000000.0,754000000.0,20797000000.0,20400750000.0,276000000.0,384000000.0,0.0,384000000.0,16765000000.0,3577000000.0,13188000000.0,4979855302.0,80000000.0,-428000000.0,26000000.0,713000000.0,0.0,715000000.0,-1322000000.0,40000000.0,687000000.0,0.0,12000000.0,12000000.0,12000000.0,0.0,64000000.0,0.001,15690000000.0,913000000.0,1179000000.0,0.0,7.65,414.988,422.25,7733000000.0,0.0,50.67,0.3,0.298,2404000000.0,-1410000000.0,16603000000.0,16603000000.0,0.0,0.001,0.017,0.04,0.049,51000000.0,8023000000.0,1.0,98280152.0,97801000,100287000.0,169.763,12950000000.0,865000000.0,49000000.0,0.0,132.412,393000000.0
27,THC,MRT,2014-09-30,2014-09-30,2014-09-30,2021-09-08,-20000000.0,17312000000.0,16788250000.0,4201000000.0,13111000000.0,0.954,7.497,-1014000000.0,200000000.0,200000000.0,0.0,-19000000.0,1.336,21.837,11553000000.0,98000000.0,11455000000.0,11553000000.0,0.0,800000000.0,0.0,0.0,0.0,648000000.0,1448000000.0,0.09,1448000000.0,648000000.0,-92000000.0,-0.76,-0.76,-0.76,735000000.0,735250000.0,735000000.0,16973207840.0,26.0,11.722,-291000000.0,-2.968,1.0,16009000000.0,1.0,4896000000.0,740000000.0,20624000000.0,20057000000.0,270000000.0,366000000.0,0.0,366000000.0,16050000000.0,3145000000.0,12905000000.0,5815207840.0,118000000.0,-1558000000.0,-77000000.0,2017000000.0,0.0,1964000000.0,-2569000000.0,7000000.0,723000000.0,0.0,-73000000.0,-73000000.0,-73000000.0,17000000.0,54000000.0,-0.005,15277000000.0,732000000.0,1068000000.0,0.0,7.912,-79.66,-78.145,7749000000.0,0.0,59.39,0.363,0.364,2238000000.0,-1471000000.0,16009000000.0,16009000000.0,0.0,-0.004,-0.099,0.032,0.04,51000000.0,7777000000.0,1.0,97915606.0,98036000,100926000.0,163.297,12416000000.0,847000000.0,-19000000.0,0.0,126.647,1056000000.0
28,THC,MRT,2014-06-30,2014-06-30,2014-06-30,2021-09-08,-20000000.0,16907000000.0,14794500000.0,4208000000.0,12699000000.0,0.963,7.402,-938000000.0,406000000.0,406000000.0,0.0,-1000000.0,1.243,21.794,11564000000.0,622000000.0,10942000000.0,11564000000.0,0.0,712000000.0,0.0,0.0,0.0,606000000.0,1318000000.0,0.093,1318000000.0,606000000.0,-39000000.0,-0.57,-0.58,-0.57,723000000.0,757750000.0,723000000.0,15676853412.0,26.0,11.894,-230000000.0,-2.355,1.0,14242000000.0,1.0,4441000000.0,645000000.0,20240000000.0,17767500000.0,264000000.0,362000000.0,0.0,362000000.0,15757000000.0,3384000000.0,12373000000.0,4583853412.0,316000000.0,-1541000000.0,-196000000.0,2268000000.0,0.0,2088000000.0,-2480000000.0,11000000.0,708000000.0,0.0,-54000000.0,-54000000.0,-54000000.0,16000000.0,53000000.0,-0.004,13569000000.0,673000000.0,1015000000.0,0.0,6.34,-84.886,-82.351,7771000000.0,0.0,46.94,0.322,0.322,2171000000.0,-1480000000.0,14242000000.0,14242000000.0,0.0,-0.004,-0.071,0.034,0.043,43000000.0,6921000000.0,1.0,97653460.0,97677000,97677000.0,145.807,12466000000.0,792000000.0,15000000.0,0.0,127.625,824000000.0
29,THC,MRT,2014-03-31,2014-03-31,2014-03-31,2021-09-08,-23000000.0,16484000000.0,12856750000.0,3978000000.0,12506000000.0,0.982,7.493,-819000000.0,141000000.0,141000000.0,0.0,-37000000.0,1.192,21.103,11234000000.0,622000000.0,10612000000.0,11234000000.0,0.0,624000000.0,0.0,0.0,0.0,462000000.0,1086000000.0,0.086,1086000000.0,462000000.0,-91000000.0,-0.79,-0.8,-0.79,728000000.0,800750000.0,728000000.0,14878126146.0,32.0,13.7,-217000000.0,-2.233,1.0,12626000000.0,1.0,4299000000.0,553000000.0,19942000000.0,15550750000.0,261000000.0,355000000.0,0.0,355000000.0,15363000000.0,3336000000.0,12027000000.0,4152126146.0,46000000.0,-1519000000.0,-287000000.0,1995000000.0,0.0,1795000000.0,-2351000000.0,11000000.0,602000000.0,0.0,-78000000.0,-78000000.0,-78000000.0,0.0,41000000.0,-0.006,11954000000.0,672000000.0,1019000000.0,0.0,5.703,-53.232,-54.19,7723000000.0,0.0,42.81,0.329,0.329,2141000000.0,-1454000000.0,12626000000.0,12626000000.0,0.0,-0.006,-0.097,0.03,0.037,37000000.0,6131000000.0,1.0,96989632.0,97161000,97161000.0,129.949,12185000000.0,725000000.0,-13000000.0,0.0,125.41,642000000.0
30,THC,MRT,2013-12-31,2013-12-31,2013-12-31,2021-09-08,-24000000.0,16450000000.0,10964500000.0,3692000000.0,12758000000.0,1.011,7.428,-671000000.0,113000000.0,113000000.0,0.0,-104000000.0,1.194,20.175,10849000000.0,153000000.0,10696000000.0,10849000000.0,0.0,545000000.0,0.0,0.0,0.0,275000000.0,820000000.0,0.074,820000000.0,275000000.0,-199000000.0,-1.32,-1.32,-1.32,755000000.0,861000000.0,755000000.0,9920428478.0,36.0,12.098,-82000000.0,-0.807,1.0,11087000000.0,1.0,4671000000.0,474000000.0,19422000000.0,13335250000.0,260000000.0,357000000.0,0.0,357000000.0,15232000000.0,3093000000.0,12139000000.0,4179428478.0,-251000000.0,-1515000000.0,-378000000.0,1625000000.0,0.0,1324000000.0,-2164000000.0,11000000.0,589000000.0,0.0,-134000000.0,-134000000.0,-134000000.0,0.0,30000000.0,-0.012,10439000000.0,648000000.0,1085000000.0,0.0,5.536,-31.19,-31.909,7582000000.0,0.0,42.12,0.377,0.386,1890000000.0,-1422000000.0,11087000000.0,11087000000.0,0.0,-0.012,-0.156,0.021,0.025,36000000.0,5371000000.0,1.0,99226697.0,101648000,101648000.0,109.072,11779000000.0,840000000.0,-65000000.0,0.0,115.88,599000000.0
31,THC,MRT,2013-09-30,2013-09-30,2013-09-30,2021-09-08,-68000000.0,9337000000.0,9113000000.0,2560000000.0,6777000000.0,1.048,8.177,-535000000.0,82000000.0,82000000.0,0.0,-36000000.0,1.447,10.102,5823000000.0,133000000.0,5690000000.0,5823000000.0,0.0,470000000.0,0.0,0.0,0.0,317000000.0,787000000.0,0.082,787000000.0,317000000.0,-84000000.0,-0.6,-0.63,-0.6,825000000.0,958000000.0,825000000.0,9730233108.0,31.0,12.364,55000000.0,0.545,1.0,9548000000.0,1.0,1843000000.0,401000000.0,11466000000.0,11130500000.0,154000000.0,184000000.0,0.0,184000000.0,8334000000.0,1769000000.0,6565000000.0,4185233108.0,-1000000.0,-315000000.0,-372000000.0,583000000.0,0.0,234000000.0,-825000000.0,14000000.0,590000000.0,0.0,-62000000.0,-61000000.0,-61000000.0,0.0,26000000.0,-0.006,8841000000.0,707000000.0,618000000.0,0.0,5.073,-68.61,-68.65,4354000000.0,0.0,41.19,0.438,0.435,1380000000.0,-1398000000.0,9548000000.0,9548000000.0,0.0,-0.007,-0.064,0.028,0.033,34000000.0,4590000000.0,1.0,101607990.0,100894000,103098000.0,94.634,7494000000.0,757000000.0,-22000000.0,0.0,74.276,791000000.0
32,THC,MRT,2013-06-30,2013-06-30,2013-06-30,2021-09-08,-68000000.0,9156000000.0,8896250000.0,2574000000.0,6582000000.0,1.052,8.688,-477000000.0,90000000.0,90000000.0,0.0,-40000000.0,1.552,9.045,5635000000.0,71000000.0,5564000000.0,5635000000.0,0.0,461000000.0,0.0,0.0,0.0,333000000.0,794000000.0,0.085,794000000.0,333000000.0,-80000000.0,-0.5,-0.53,-0.5,895000000.0,1057750000.0,895000000.0,10103398820.0,30.0,12.725,43000000.0,0.417,1.0,9361000000.0,1.0,1670000000.0,413000000.0,11373000000.0,10754000000.0,153000000.0,166000000.0,0.0,166000000.0,8095000000.0,1658000000.0,6437000000.0,4771398820.0,8000000.0,-214000000.0,-264000000.0,392000000.0,0.0,162000000.0,-674000000.0,15000000.0,520000000.0,0.0,-60000000.0,-49000000.0,-49000000.0,0.0,20000000.0,-0.005,8649000000.0,712000000.0,587000000.0,0.0,5.331,-97.375,-92.2,4326000000.0,1000000.0,46.1,0.51,0.507,1369000000.0,-1426000000.0,9361000000.0,9361000000.0,0.0,-0.006,-0.046,0.031,0.036,34000000.0,4468000000.0,1.0,103501059.0,103010000,103010000.0,90.875,7486000000.0,782000000.0,-20000000.0,0.0,72.673,916000000.0
33,THC,MRT,2013-03-31,2013-03-31,2013-03-31,2021-09-08,-68000000.0,8915000000.0,8728500000.0,2443000000.0,6472000000.0,1.054,9.308,-460000000.0,95000000.0,95000000.0,0.0,-17000000.0,1.577,8.084,5427000000.0,52000000.0,5375000000.0,5427000000.0,0.0,444000000.0,0.0,0.0,0.0,415000000.0,859000000.0,0.093,859000000.0,415000000.0,-2000000.0,-0.07,-0.1,-0.07,969000000.0,1128000000.0,969000000.0,9849910894.0,24.0,11.467,143000000.0,1.374,1.0,9204000000.0,1.0,1618000000.0,417000000.0,11080000000.0,10411750000.0,152000000.0,163000000.0,0.0,163000000.0,7833000000.0,1549000000.0,6284000000.0,4961910894.0,-9000000.0,-213000000.0,-176000000.0,536000000.0,0.0,18000000.0,-630000000.0,17000000.0,603000000.0,0.0,-32000000.0,-5000000.0,-5000000.0,0.0,15000000.0,-0.001,8514000000.0,690000000.0,625000000.0,0.0,5.121,-992.382,-679.714,4296000000.0,5000000.0,47.58,0.539,0.538,1383000000.0,-1376000000.0,9204000000.0,9204000000.0,0.0,-0.001,-0.004,0.04,0.045,35000000.0,4356000000.0,1.0,104285643.0,104103000,104103000.0,88.412,7297000000.0,753000000.0,30000000.0,0.0,70.094,894000000.0
34,THC,MRT,2012-12-31,2012-12-31,2012-12-31,2021-09-08,-68000000.0,9044000000.0,8636000000.0,2681000000.0,6363000000.0,1.056,10.969,-463000000.0,364000000.0,364000000.0,0.0,133000000.0,1.521,6.833,5252000000.0,94000000.0,5158000000.0,5252000000.0,0.0,430000000.0,0.0,0.0,0.0,657000000.0,1087000000.0,0.119,1087000000.0,657000000.0,245000000.0,1.35,1.3,1.35,1143000000.0,1250750000.0,1143000000.0,8125258641.0,12.0,7.475,130000000.0,1.248,1.0,9119000000.0,1.0,1566000000.0,412000000.0,10603000000.0,10126750000.0,153000000.0,162000000.0,0.0,162000000.0,7810000000.0,1763000000.0,6047000000.0,3457258641.0,251000000.0,-211000000.0,-115000000.0,764000000.0,0.0,320000000.0,-662000000.0,17000000.0,593000000.0,0.0,120000000.0,141000000.0,141000000.0,0.0,13000000.0,0.015,8370000000.0,749000000.0,722000000.0,0.0,3.025,24.52,24.052,4293000000.0,11000000.0,32.47,0.379,0.371,1345000000.0,-1288000000.0,9119000000.0,9119000000.0,0.0,0.016,0.113,0.065,0.072,32000000.0,4257000000.0,1.0,106475474.0,104200000,108926000.0,87.514,7478000000.0,703000000.0,125000000.0,0.0,71.766,918000000.0
35,THC,MRT,2012-09-30,2012-09-30,2012-09-30,2021-09-08,-49000000.0,8470000000.0,8490500000.0,2484000000.0,5986000000.0,1.055,11.742,-492000000.0,83000000.0,83000000.0,0.0,13000000.0,1.358,5.87,4751000000.0,243000000.0,4508000000.0,4751000000.0,0.0,414000000.0,0.0,0.0,0.0,484000000.0,898000000.0,0.1,898000000.0,484000000.0,81000000.0,0.26,0.24,0.26,1224000000.0,1320750000.0,1224000000.0,7278975450.0,15.0,8.106,18000000.0,0.173,1.0,8960000000.0,1.0,1349000000.0,403000000.0,9960000000.0,9893250000.0,154000000.0,126000000.0,0.0,126000000.0,7185000000.0,1829000000.0,5356000000.0,2612975450.0,-102000000.0,-66000000.0,-196000000.0,452000000.0,0.0,-87000000.0,-525000000.0,37000000.0,510000000.0,0.0,3000000.0,16000000.0,16000000.0,0.0,10000000.0,0.002,8267000000.0,693000000.0,629000000.0,0.0,2.135,163.311,96.462,4173000000.0,17000000.0,25.08,0.292,0.292,1338000000.0,-1337000000.0,8960000000.0,8960000000.0,0.0,0.002,0.012,0.049,0.054,31000000.0,4180000000.0,1.0,104185624.0,104244000,107311000.0,85.952,7121000000.0,745000000.0,78000000.0,0.0,68.311,655000000.0
36,THC,MRT,2012-06-30,2012-06-30,2012-06-30,2021-09-08,-49000000.0,8485000000.0,8446250000.0,2564000000.0,5921000000.0,1.046,11.335,-519000000.0,82000000.0,82000000.0,0.0,-4000000.0,1.37,6.156,4748000000.0,237000000.0,4511000000.0,4748000000.0,0.0,404000000.0,0.0,0.0,0.0,408000000.0,812000000.0,0.092,812000000.0,408000000.0,49000000.0,-0.07,-0.08,-0.07,1176000000.0,1439250000.0,1176000000.0,6647377924.0,16.0,8.186,3000000.0,0.029,1.0,8839000000.0,1.0,1275000000.0,359000000.0,10004000000.0,9728250000.0,154000000.0,120000000.0,0.0,120000000.0,7240000000.0,1872000000.0,5368000000.0,2168377924.0,-182000000.0,-55000000.0,-321000000.0,484000000.0,0.0,-184000000.0,-520000000.0,54000000.0,522000000.0,0.0,-15000000.0,-18000000.0,-18000000.0,0.0,11000000.0,-0.002,8220000000.0,619000000.0,644000000.0,0.0,1.844,-120.465,-299.429,4181000000.0,22000000.0,20.96,0.245,0.246,1356000000.0,-1378000000.0,8839000000.0,8839000000.0,0.0,-0.002,-0.013,0.042,0.046,29000000.0,4132000000.0,1.0,103453145.0,103753000,106927000.0,85.193,7210000000.0,767000000.0,64000000.0,0.0,69.492,692000000.0
37,THC,MRT,2012-03-31,2012-03-31,2012-03-31,2021-09-08,-49000000.0,8545000000.0,8433750000.0,2482000000.0,6063000000.0,1.032,14.196,-495000000.0,104000000.0,104000000.0,0.0,79000000.0,1.349,4.793,4583000000.0,288000000.0,4295000000.0,4583000000.0,0.0,397000000.0,0.0,0.0,0.0,476000000.0,873000000.0,0.1,873000000.0,476000000.0,121000000.0,0.43,0.42,0.43,1460000000.0,1597750000.0,1460000000.0,6424065974.0,13.0,7.359,-38000000.0,-0.369,1.0,8706000000.0,1.0,1244000000.0,355000000.0,9940000000.0,9591500000.0,157000000.0,153000000.0,0.0,153000000.0,6998000000.0,1840000000.0,5158000000.0,2177065974.0,-163000000.0,-69000000.0,-395000000.0,337000000.0,0.0,-110000000.0,-510000000.0,57000000.0,457000000.0,0.0,68000000.0,43000000.0,43000000.0,0.0,11000000.0,0.005,8102000000.0,604000000.0,640000000.0,0.0,1.491,50.629,49.395,4324000000.0,24000000.0,21.24,0.25,0.251,1417000000.0,-1376000000.0,8706000000.0,8706000000.0,0.0,0.005,0.027,0.05,0.055,25000000.0,4060000000.0,1.0,102498398.0,102843000,121218000.0,84.653,7301000000.0,758000000.0,53000000.0,0.0,70.992,642000000.0
38,THC,MRT,2011-12-31,2011-12-31,2011-12-31,2021-09-08,-52000000.0,8462000000.0,8428500000.0,2357000000.0,6105000000.0,1.027,12.144,-475000000.0,113000000.0,113000000.0,0.0,94000000.0,1.299,4.887,4360000000.0,66000000.0,4294000000.0,4360000000.0,0.0,398000000.0,0.0,0.0,0.0,519000000.0,917000000.0,0.106,917000000.0,519000000.0,144000000.0,0.49,0.48,0.49,1423000000.0,1693750000.0,1423000000.0,6138210385.0,12.0,6.694,22000000.0,0.188,1.0,8654000000.0,1.0,1225000000.0,375000000.0,9669000000.0,9497500000.0,161000000.0,156000000.0,0.0,156000000.0,6954000000.0,1815000000.0,5139000000.0,2228210385.0,-292000000.0,-84000000.0,-371000000.0,137000000.0,0.0,-286000000.0,-503000000.0,59000000.0,497000000.0,0.0,83000000.0,58000000.0,58000000.0,0.0,11000000.0,0.007,8001000000.0,653000000.0,760000000.0,0.0,1.566,38.417,41.878,4350000000.0,24000000.0,20.52,0.257,0.278,1278000000.0,-1440000000.0,8654000000.0,8654000000.0,0.0,0.007,0.034,0.055,0.06,24000000.0,4015000000.0,1.0,108587251.0,117182000,121295000.0,73.851,7237000000.0,799000000.0,61000000.0,0.0,61.759,542000000.0
39,THC,MRT,2011-09-30,2011-09-30,2011-09-30,2021-09-08,-43000000.0,8293000000.0,8438000000.0,2176000000.0,6117000000.0,0.935,14.49,-494000000.0,185000000.0,185000000.0,0.0,242000000.0,1.296,3.837,4095000000.0,129000000.0,3966000000.0,4095000000.0,0.0,385000000.0,0.0,0.0,0.0,683000000.0,1068000000.0,0.135,1068000000.0,683000000.0,307000000.0,1.69,1.61,1.69,1698000000.0,1779500000.0,1698000000.0,5799309887.0,8.0,5.43,5000000.0,0.043,1.0,7892000000.0,1.0,1224000000.0,376000000.0,9300000000.0,9415250000.0,157000000.0,159000000.0,0.0,159000000.0,6516000000.0,1679000000.0,4837000000.0,1946309887.0,-213000000.0,-77000000.0,-196000000.0,-4000000.0,0.0,-239000000.0,-473000000.0,84000000.0,499000000.0,0.0,231000000.0,208000000.0,208000000.0,0.0,11000000.0,0.026,7224000000.0,668000000.0,629000000.0,0.0,1.146,9.357,9.728,4201000000.0,24000000.0,16.44,0.247,0.244,1221000000.0,-1370000000.0,7892000000.0,7892000000.0,0.0,0.025,0.117,0.073,0.087,21000000.0,3916000000.0,1.0,118388679.0,117188000,120908000.0,67.345,7069000000.0,787000000.0,76000000.0,0.0,60.322,497000000.0
40,THC,MRT,2011-06-30,2011-06-30,2011-06-30,2021-09-08,-43000000.0,8435000000.0,8498500000.0,2314000000.0,6121000000.0,0.948,14.873,-513000000.0,264000000.0,264000000.0,0.0,1167000000.0,1.392,3.616,4117000000.0,128000000.0,3989000000.0,4117000000.0,0.0,386000000.0,0.0,0.0,0.0,651000000.0,1037000000.0,0.129,1037000000.0,651000000.0,227000000.0,9.32,8.28,9.32,1810000000.0,1782750000.0,1810000000.0,6869807850.0,11.0,6.625,-34000000.0,-0.279,1.0,8054000000.0,1.0,1169000000.0,424000000.0,9457000000.0,9455250000.0,156000000.0,171000000.0,0.0,171000000.0,6545000000.0,1662000000.0,4883000000.0,3054807850.0,-447000000.0,-105000000.0,-72000000.0,-276000000.0,0.0,-401000000.0,-525000000.0,78000000.0,479000000.0,0.0,1157000000.0,1134000000.0,1134000000.0,0.0,10000000.0,0.141,7368000000.0,686000000.0,614000000.0,0.0,1.688,2.694,2.678,4238000000.0,24000000.0,24.96,0.379,0.377,1258000000.0,-1382000000.0,8054000000.0,8054000000.0,0.0,0.133,0.636,0.069,0.081,21000000.0,3891000000.0,1.0,122388135.0,121698500,125937000.0,66.18,7266000000.0,793000000.0,-930000000.0,0.0,59.705,652000000.0
41,THC,MRT,2011-03-31,2011-03-31,2011-03-31,2021-09-08,-43000000.0,8524000000.0,8348250000.0,2393000000.0,6131000000.0,0.985,15.149,-490000000.0,267000000.0,267000000.0,0.0,1139000000.0,1.444,3.588,4082000000.0,68000000.0,4014000000.0,4082000000.0,0.0,386000000.0,0.0,0.0,0.0,631000000.0,1017000000.0,0.124,1017000000.0,631000000.0,198000000.0,9.08,8.04,9.08,1844000000.0,1523250000.0,1844000000.0,7279301187.0,12.0,7.158,2000000.0,0.016,1.0,8225000000.0,1.0,1118000000.0,433000000.0,9564000000.0,9298750000.0,156000000.0,165000000.0,3000000.0,162000000.0,6616000000.0,1657000000.0,4959000000.0,3620301187.0,-322000000.0,-83000000.0,0.0,-280000000.0,0.0,-333000000.0,-481000000.0,77000000.0,492000000.0,0.0,1127000000.0,1104000000.0,1104000000.0,0.0,12000000.0,0.134,7533000000.0,692000000.0,638000000.0,0.0,1.963,3.279,3.282,4262000000.0,24000000.0,29.8,0.44,0.441,1237000000.0,-1443000000.0,8225000000.0,8225000000.0,0.0,0.132,0.725,0.068,0.077,22000000.0,3878000000.0,1.0,121486617.0,121725500,141295250.0,67.57,7406000000.0,894000000.0,-929000000.0,0.0,60.842,736000000.0
42,THC,MRT,2010-12-31,2010-12-31,2010-12-31,2021-09-08,-43000000.0,8500000000.0,8171000000.0,2311000000.0,6189000000.0,1.012,14.585,-457000000.0,405000000.0,405000000.0,0.0,1152000000.0,1.34,3.783,4064000000.0,67000000.0,3997000000.0,4064000000.0,0.0,380000000.0,0.0,0.0,0.0,589000000.0,969000000.0,0.117,969000000.0,589000000.0,165000000.0,9.24,8.16,9.24,1766000000.0,1247000000.0,1766000000.0,6909220640.0,12.0,7.13,15000000.0,0.124,1.0,8265000000.0,1.0,1094000000.0,424000000.0,9340000000.0,9139000000.0,156000000.0,164000000.0,0.0,164000000.0,6681000000.0,1725000000.0,4956000000.0,3248220640.0,-285000000.0,-65000000.0,0.0,-285000000.0,0.0,-337000000.0,-420000000.0,84000000.0,472000000.0,0.0,1142000000.0,1119000000.0,1119000000.0,0.0,10000000.0,0.135,7631000000.0,634000000.0,720000000.0,0.0,1.839,2.903,2.896,4304000000.0,24000000.0,26.76,0.393,0.392,1143000000.0,-1522000000.0,8265000000.0,8265000000.0,0.0,0.137,0.897,0.064,0.071,22000000.0,3830000000.0,1.0,121383432.0,121080000,140158000.0,68.261,7406000000.0,931000000.0,-977000000.0,0.0,61.166,586000000.0
43,THC,MRT,2010-09-30,2010-09-30,2010-09-30,2021-09-08,-30000000.0,8535000000.0,8034250000.0,2444000000.0,6091000000.0,1.054,14.105,-453000000.0,398000000.0,398000000.0,0.0,1099000000.0,1.441,3.957,4059000000.0,2000000.0,4057000000.0,4059000000.0,0.0,388000000.0,0.0,0.0,0.0,502000000.0,890000000.0,0.105,890000000.0,502000000.0,76000000.0,8.8,7.76,8.8,1711000000.0,967000000.0,1711000000.0,5853263104.0,12.0,6.577,-15000000.0,-0.124,1.0,8469000000.0,1.0,1040000000.0,426000000.0,9460000000.0,8996000000.0,152000000.0,178000000.0,2000000.0,176000000.0,6771000000.0,1696000000.0,5075000000.0,2290263104.0,-333000000.0,-44000000.0,0.0,-291000000.0,0.0,-320000000.0,-451000000.0,43000000.0,438000000.0,0.0,1090000000.0,1066000000.0,1066000000.0,0.0,9000000.0,0.126,7909000000.0,560000000.0,601000000.0,0.0,1.339,2.148,2.145,4239000000.0,24000000.0,18.88,0.27,0.27,1129000000.0,-1602000000.0,8469000000.0,8469000000.0,0.0,0.133,1.102,0.056,0.059,23000000.0,3922000000.0,1.0,121306308.0,121302500,139962500.0,69.817,7495000000.0,964000000.0,-1014000000.0,0.0,61.788,748000000.0
44,THC,MRT,2010-06-30,2010-06-30,2010-06-30,2021-09-08,-31000000.0,7834000000.0,7869500000.0,2435000000.0,5399000000.0,1.076,6.372,-425000000.0,711000000.0,711000000.0,0.0,158000000.0,1.563,9.078,4274000000.0,2000000.0,4272000000.0,4274000000.0,0.0,384000000.0,0.0,0.0,0.0,571000000.0,955000000.0,0.113,955000000.0,571000000.0,140000000.0,1.08,1.0,1.08,772000000.0,695750000.0,772000000.0,5785415301.0,10.0,6.058,5000000.0,0.041,1.0,8469000000.0,1.0,1008000000.0,431000000.0,8831000000.0,8795500000.0,152000000.0,182000000.0,2000000.0,180000000.0,7008000000.0,1558000000.0,5450000000.0,2101415301.0,-47000000.0,-2000000.0,0.0,-401000000.0,0.0,-76000000.0,-401000000.0,23000000.0,430000000.0,0.0,149000000.0,131000000.0,131000000.0,0.0,9000000.0,0.015,7873000000.0,596000000.0,615000000.0,0.0,2.722,16.041,16.074,4211000000.0,18000000.0,17.36,0.248,0.248,1160000000.0,-2540000000.0,8469000000.0,8469000000.0,0.0,0.017,0.188,0.065,0.067,23000000.0,3899000000.0,1.0,121049268.0,121152500,125637250.0,69.904,6826000000.0,120000000.0,-9000000.0,160000000.0,56.342,877000000.0
45,THC,MRT,2010-03-31,2010-03-31,2010-03-31,2021-09-08,-31000000.0,7815000000.0,7893000000.0,2386000000.0,5429000000.0,1.064,6.134,-467000000.0,589000000.0,589000000.0,0.0,109000000.0,1.511,9.505,4273000000.0,2000000.0,4271000000.0,4273000000.0,0.0,385000000.0,0.0,0.0,0.0,522000000.0,907000000.0,0.108,907000000.0,522000000.0,78000000.0,0.76,0.68,0.76,739000000.0,574250000.0,739000000.0,6336168802.0,12.0,6.986,-58000000.0,-0.481,1.0,8395000000.0,1.0,995000000.0,444000000.0,8925000000.0,8864000000.0,151000000.0,189000000.0,4000000.0,185000000.0,7024000000.0,1579000000.0,5445000000.0,2752168802.0,-63000000.0,0.0,0.0,-411000000.0,0.0,-105000000.0,-367000000.0,93000000.0,409000000.0,0.0,103000000.0,91000000.0,91000000.0,0.0,6000000.0,0.011,7832000000.0,563000000.0,615000000.0,0.0,3.724,30.244,30.105,4249000000.0,12000000.0,22.88,0.328,0.328,1208000000.0,-2571000000.0,8395000000.0,8395000000.0,0.0,0.012,0.158,0.059,0.062,23000000.0,3879000000.0,1.0,120287098.0,120479250,139807000.0,69.68,6820000000.0,133000000.0,-25000000.0,153000000.0,56.607,807000000.0
46,THC,MRT,2009-12-31,2009-12-31,2009-12-31,2021-09-08,-32000000.0,7953000000.0,7962250000.0,2472000000.0,5481000000.0,1.045,5.381,-235000000.0,690000000.0,690000000.0,0.0,197000000.0,1.386,11.232,4274000000.0,2000000.0,4272000000.0,4274000000.0,0.0,386000000.0,0.0,0.0,0.0,609000000.0,995000000.0,0.12,995000000.0,609000000.0,164000000.0,1.52,1.48,1.52,646000000.0,462250000.0,646000000.0,6131288177.0,10.0,6.162,190000000.0,1.583,1.0,8318000000.0,1.0,986000000.0,445000000.0,8768000000.0,8951750000.0,153000000.0,195000000.0,13000000.0,182000000.0,7256000000.0,1783000000.0,5473000000.0,2593288177.0,183000000.0,0.0,0.0,-406000000.0,0.0,-117000000.0,-125000000.0,99000000.0,425000000.0,0.0,187000000.0,181000000.0,181000000.0,0.0,10000000.0,0.022,7780000000.0,538000000.0,739000000.0,0.0,4.014,14.328,14.184,4313000000.0,6000000.0,21.56,0.312,0.311,1158000000.0,-2665000000.0,8318000000.0,8318000000.0,0.0,0.023,0.392,0.068,0.073,23000000.0,3857000000.0,1.0,120282383.0,120060000,126819250.0,69.282,6967000000.0,143000000.0,-23000000.0,148000000.0,58.029,689000000.0
47,THC,MRT,2009-09-30,2009-09-30,2009-09-30,2021-09-08,-27000000.0,7876000000.0,8017500000.0,2539000000.0,5337000000.0,1.114,5.206,-177000000.0,731000000.0,731000000.0,0.0,139000000.0,1.433,11.506,4269000000.0,2000000.0,4267000000.0,4269000000.0,0.0,385000000.0,0.0,0.0,0.0,581000000.0,966000000.0,0.108,966000000.0,581000000.0,133000000.0,1.08,1.04,1.08,626000000.0,326500000.0,626000000.0,6696778071.0,12.0,6.932,174000000.0,1.447,1.0,8930000000.0,1.0,984000000.0,448000000.0,8658000000.0,9151250000.0,153000000.0,200000000.0,19000000.0,181000000.0,7203000000.0,1772000000.0,5431000000.0,2828778071.0,219000000.0,0.0,0.0,-401000000.0,0.0,-116000000.0,-16000000.0,110000000.0,351000000.0,0.0,127000000.0,127000000.0,127000000.0,0.0,12000000.0,0.014,8385000000.0,545000000.0,638000000.0,0.0,4.519,22.274,21.778,4172000000.0,0.0,23.52,0.317,0.317,1195000000.0,-2692000000.0,8930000000.0,8930000000.0,0.0,0.016,0.389,0.063,0.065,24000000.0,3825000000.0,1.0,120271176.0,120252000,124521000.0,74.261,6892000000.0,80000000.0,6000000.0,116000000.0,57.313,767000000.0
48,THC,MRT,2009-06-30,2009-06-30,2009-06-30,2021-09-08,-31000000.0,7928000000.0,8122000000.0,2562000000.0,5366000000.0,1.084,2.381,-123000000.0,758000000.0,758000000.0,0.0,246000000.0,1.503,26.556,4626000000.0,2000000.0,4624000000.0,4626000000.0,0.0,382000000.0,0.0,0.0,0.0,675000000.0,1057000000.0,0.12,1057000000.0,675000000.0,233000000.0,2.0,1.96,2.0,286000000.0,204000000.0,286000000.0,5342405792.0,8.0,5.054,259000000.0,2.156,1.0,8808000000.0,1.0,986000000.0,442000000.0,9105000000.0,9399000000.0,154000000.0,207000000.0,9000000.0,198000000.0,7595000000.0,1705000000.0,5890000000.0,1353405792.0,406000000.0,-89000000.0,0.0,-16000000.0,0.0,-63000000.0,87000000.0,292000000.0,382000000.0,0.0,234000000.0,234000000.0,234000000.0,0.0,12000000.0,0.027,8326000000.0,482000000.0,618000000.0,0.0,4.732,5.784,5.64,4182000000.0,0.0,11.28,0.154,0.154,1225000000.0,-2689000000.0,8808000000.0,8808000000.0,0.0,0.029,1.147,0.072,0.077,27000000.0,3814000000.0,1.0,119982783.0,120111750,122061000.0,73.332,6942000000.0,83000000.0,-1000000.0,114000000.0,57.796,857000000.0
49,THC,MRT,2009-03-31,2009-03-31,2009-03-31,2021-09-08,-34000000.0,8092000000.0,8200750000.0,2631000000.0,5461000000.0,1.06,2.433,-73000000.0,652000000.0,652000000.0,0.0,245000000.0,1.434,26.646,4641000000.0,2000000.0,4639000000.0,4641000000.0,0.0,377000000.0,0.0,0.0,0.0,637000000.0,1014000000.0,0.117,1014000000.0,637000000.0,213000000.0,2.0,1.96,2.0,291000000.0,139750000.0,291000000.0,4826791150.0,8.0,4.76,262000000.0,2.191,1.0,8691000000.0,1.0,970000000.0,424000000.0,9276000000.0,9566500000.0,158000000.0,262000000.0,7000000.0,255000000.0,7754000000.0,1835000000.0,5919000000.0,553791150.0,374000000.0,-92000000.0,0.0,-1000000.0,0.0,-22000000.0,61000000.0,222000000.0,335000000.0,0.0,234000000.0,234000000.0,234000000.0,0.0,11000000.0,0.027,8282000000.0,409000000.0,650000000.0,0.0,1.903,2.367,2.32,4236000000.0,0.0,4.64,0.064,0.064,1385000000.0,-2674000000.0,8691000000.0,8691000000.0,0.0,0.029,1.674,0.067,0.073,30000000.0,3799000000.0,1.0,119351541.0,119593000,119878000.0,72.671,7122000000.0,87000000.0,-21000000.0,106000000.0,59.552,796000000.0
50,THC,MRT,2008-12-31,2008-12-31,2008-12-31,2021-09-08,-37000000.0,8174000000.0,8221250000.0,2709000000.0,5465000000.0,1.044,0.865,-387000000.0,507000000.0,507000000.0,0.0,32000000.0,1.39,77.932,4780000000.0,2000000.0,4778000000.0,4780000000.0,0.0,371000000.0,0.0,0.0,0.0,418000000.0,789000000.0,0.092,789000000.0,418000000.0,0.0,0.2,0.2,0.2,103000000.0,75000000.0,103000000.0,4815746076.0,12.0,6.104,-179000000.0,-1.503,1.0,8585000000.0,1.0,932000000.0,418000000.0,9566000000.0,9718750000.0,161000000.0,258000000.0,16000000.0,242000000.0,8027000000.0,1949000000.0,6078000000.0,548746076.0,-65000000.0,-92000000.0,0.0,-1000000.0,0.0,1000000.0,-274000000.0,206000000.0,208000000.0,0.0,25000000.0,25000000.0,25000000.0,0.0,7000000.0,0.003,8274000000.0,311000000.0,686000000.0,0.0,5.328,21.95,23.0,4291000000.0,0.0,4.6,0.064,0.064,1337000000.0,-2852000000.0,8585000000.0,8585000000.0,0.0,0.003,0.333,0.043,0.049,33000000.0,3779000000.0,1.0,119292625.0,119087250,119651500.0,72.09,7242000000.0,88000000.0,-25000000.0,101000000.0,60.813,760000000.0
51,THC,MRT,2008-09-30,2008-09-30,2008-09-30,2021-09-08,-29000000.0,8294000000.0,8276000000.0,2836000000.0,5458000000.0,1.018,1.141,-548000000.0,512000000.0,512000000.0,0.0,-9000000.0,1.436,59.985,4779000000.0,2000000.0,4777000000.0,4779000000.0,0.0,360000000.0,0.0,0.0,0.0,402000000.0,762000000.0,0.09,762000000.0,402000000.0,-14000000.0,-0.12,-0.12,-0.12,136000000.0,62750000.0,136000000.0,7071267572.0,18.0,9.28,-295000000.0,-2.474,1.0,8423000000.0,1.0,937000000.0,416000000.0,9649000000.0,9738500000.0,165000000.0,330000000.0,48000000.0,282000000.0,8158000000.0,1975000000.0,6183000000.0,2646267572.0,-143000000.0,-92000000.0,0.0,-1000000.0,0.0,4000000.0,-400000000.0,229000000.0,253000000.0,0.0,-17000000.0,-17000000.0,-17000000.0,-39000000.0,8000000.0,-0.002,8158000000.0,265000000.0,632000000.0,0.0,19.458,-155.663,-185.0,4239000000.0,0.0,22.2,0.314,0.314,1356000000.0,-2819000000.0,8423000000.0,8423000000.0,0.0,-0.002,-0.271,0.041,0.048,36000000.0,3739000000.0,1.0,119201242.0,119224500,120197250.0,70.648,7357000000.0,111000000.0,3000000.0,114000000.0,61.707,861000000.0
52,THC,MRT,2008-06-30,2008-06-30,2008-06-30,2021-09-08,-26000000.0,8243000000.0,8261250000.0,2778000000.0,5465000000.0,1.008,0.244,-659000000.0,352000000.0,352000000.0,0.0,-174000000.0,1.408,283.241,4777000000.0,2000000.0,4775000000.0,4777000000.0,0.0,349000000.0,0.0,0.0,0.0,252000000.0,601000000.0,0.072,601000000.0,252000000.0,-163000000.0,-1.48,-1.48,-1.48,29000000.0,54000000.0,29000000.0,7160937724.0,28.0,11.915,-474000000.0,-3.981,1.0,8324000000.0,1.0,920000000.0,415000000.0,9775000000.0,9727250000.0,170000000.0,279000000.0,8000000.0,271000000.0,8214000000.0,1973000000.0,6241000000.0,2663937724.0,-323000000.0,-3000000.0,0.0,-23000000.0,0.0,-18000000.0,-490000000.0,83000000.0,185000000.0,0.0,-180000000.0,-180000000.0,-180000000.0,-21000000.0,6000000.0,-0.022,8065000000.0,259000000.0,643000000.0,0.0,91.86,-14.8,-15.027,4274000000.0,0.0,22.24,0.32,0.318,1450000000.0,-2923000000.0,8324000000.0,8324000000.0,0.0,-0.022,-3.333,0.026,0.03,38000000.0,3702000000.0,1.0,119781372.0,119077000,119077000.0,69.904,7323000000.0,147000000.0,17000000.0,147000000.0,61.498,805000000.0
53,THC,MRT,2008-03-31,2008-03-31,2008-03-31,2021-09-08,-28000000.0,8174000000.0,8263750000.0,2317000000.0,5857000000.0,1.0,0.269,-749000000.0,278000000.0,278000000.0,0.0,-189000000.0,1.237,254.438,4775000000.0,2000000.0,4773000000.0,4775000000.0,0.0,337000000.0,0.0,0.0,0.0,253000000.0,590000000.0,0.071,590000000.0,253000000.0,-165000000.0,-1.6,-1.6,-1.6,32000000.0,84000000.0,32000000.0,6879682569.0,27.0,11.66,-402000000.0,-3.385,1.0,8266000000.0,1.0,913000000.0,418000000.0,9885000000.0,9695250000.0,182000000.0,336000000.0,14000000.0,322000000.0,8142000000.0,1873000000.0,6269000000.0,2679682569.0,-306000000.0,-36000000.0,0.0,-23000000.0,0.0,-19000000.0,-634000000.0,66000000.0,347000000.0,0.0,-195000000.0,-195000000.0,-195000000.0,-15000000.0,6000000.0,-0.024,8008000000.0,258000000.0,633000000.0,0.0,83.74,-13.742,-14.15,4622000000.0,0.0,22.64,0.324,0.325,1468000000.0,-2908000000.0,8266000000.0,8266000000.0,0.0,-0.024,-2.321,0.026,0.031,39000000.0,3681000000.0,1.0,118360538.0,118766500,118766500.0,69.599,7261000000.0,91000000.0,30000000.0,139000000.0,61.137,444000000.0
54,THC,MRT,2007-12-31,2007-12-31,2007-12-31,2021-09-08,-28000000.0,8393000000.0,8289000000.0,2560000000.0,5833000000.0,0.975,0.456,-652000000.0,572000000.0,572000000.0,0.0,-84000000.0,1.25,154.426,4772000000.0,1000000.0,4771000000.0,4772000000.0,0.0,336000000.0,0.0,0.0,0.0,269000000.0,605000000.0,0.075,605000000.0,269000000.0,-150000000.0,-0.76,-0.76,-0.76,54000000.0,117750000.0,54000000.0,6520424154.0,24.0,10.778,-326000000.0,-2.755,1.0,8083000000.0,1.0,900000000.0,419000000.0,9645000000.0,9670250000.0,183000000.0,308000000.0,20000000.0,288000000.0,8339000000.0,2048000000.0,6291000000.0,2408424154.0,-212000000.0,-36000000.0,0.0,-22000000.0,0.0,-18000000.0,-520000000.0,85000000.0,326000000.0,0.0,-89000000.0,-89000000.0,-89000000.0,0.0,5000000.0,-0.011,7807000000.0,276000000.0,780000000.0,0.0,44.6,-27.061,-26.737,4645000000.0,0.0,20.32,0.298,0.298,1385000000.0,-2877000000.0,8083000000.0,8083000000.0,0.0,-0.011,-0.756,0.028,0.033,40000000.0,3617000000.0,1.0,118524811.0,118351250,118351250.0,68.297,7493000000.0,94000000.0,-61000000.0,119000000.0,63.312,512000000.0
55,THC,MRT,2007-09-30,2007-09-30,2007-09-30,2021-09-08,-45000000.0,8235000000.0,8325500000.0,2593000000.0,5642000000.0,0.927,0.852,-594000000.0,655000000.0,655000000.0,0.0,-400000000.0,1.384,80.535,4767000000.0,1000000.0,4766000000.0,4767000000.0,0.0,325000000.0,0.0,0.0,0.0,-27000000.0,298000000.0,0.039,298000000.0,-27000000.0,-444000000.0,-3.36,-3.36,-3.36,101000000.0,170250000.0,101000000.0,5703182566.0,-211.0,19.138,-401000000.0,-3.384,1.0,7720000000.0,1.0,870000000.0,417000000.0,9604000000.0,9704000000.0,181000000.0,403000000.0,34000000.0,369000000.0,8134000000.0,1873000000.0,6261000000.0,1592182566.0,-154000000.0,-36000000.0,0.0,-38000000.0,0.0,233000000.0,-580000000.0,28000000.0,193000000.0,0.0,-400000000.0,-400000000.0,-400000000.0,6000000.0,0.0,-0.052,7789000000.0,-69000000.0,637000000.0,0.0,15.764,-3.98,-4.0,4403000000.0,0.0,13.44,0.206,0.206,1354000000.0,-2802000000.0,7720000000.0,7720000000.0,0.0,-0.048,-2.349,-0.003,-0.003,47000000.0,3471000000.0,1.0,118465965.0,118496000,118496000.0,65.15,7365000000.0,76000000.0,-44000000.0,99000000.0,62.154,720000000.0
56,THC,MRT,2007-06-30,2007-06-30,2007-06-30,2021-09-08,-46000000.0,8253000000.0,8527250000.0,2608000000.0,5645000000.0,0.907,1.259,-448000000.0,675000000.0,675000000.0,0.0,-430000000.0,1.415,54.389,4786000000.0,22000000.0,4764000000.0,4786000000.0,0.0,322000000.0,0.0,0.0,0.0,-111000000.0,211000000.0,0.027,211000000.0,-111000000.0,-527000000.0,-3.64,-3.64,-3.64,149000000.0,302750000.0,149000000.0,7279361261.0,-66.0,34.499,-138000000.0,-1.166,1.0,7737000000.0,1.0,874000000.0,416000000.0,9647000000.0,9779250000.0,184000000.0,456000000.0,39000000.0,417000000.0,8104000000.0,1843000000.0,6261000000.0,3079361261.0,107000000.0,-64000000.0,0.0,-19000000.0,0.0,251000000.0,-454000000.0,-7000000.0,310000000.0,0.0,-430000000.0,-430000000.0,-430000000.0,58000000.0,0.0,-0.056,7842000000.0,-105000000.0,642000000.0,0.0,20.667,-7.161,-7.154,4354000000.0,0.0,26.04,0.398,0.398,1363000000.0,-2743000000.0,7737000000.0,7737000000.0,0.0,-0.05,-1.42,-0.011,-0.014,49000000.0,3492000000.0,1.0,118255041.0,118303000,118303000.0,65.4,7379000000.0,66000000.0,-97000000.0,82000000.0,62.374,765000000.0
57,THC,MRT,2007-03-31,2007-03-31,2007-03-31,2021-09-08,-46000000.0,8275000000.0,8764000000.0,2753000000.0,5522000000.0,0.899,1.415,-418000000.0,584000000.0,584000000.0,0.0,-798000000.0,1.502,48.551,4784000000.0,22000000.0,4762000000.0,4784000000.0,0.0,323000000.0,0.0,0.0,0.0,-732000000.0,-409000000.0,-0.052,-409000000.0,-732000000.0,-1144000000.0,-6.8,-6.8,-6.8,167000000.0,442250000.0,167000000.0,7024304056.0,-10.0,-17.174,-713000000.0,-6.041,1.0,7878000000.0,1.0,857000000.0,412000000.0,9785000000.0,9978750000.0,180000000.0,428000000.0,38000000.0,390000000.0,8108000000.0,1833000000.0,6275000000.0,3026304056.0,-391000000.0,-28000000.0,0.0,-20000000.0,0.0,252000000.0,-348000000.0,-8000000.0,-295000000.0,0.0,-798000000.0,-798000000.0,-798000000.0,3000000.0,0.0,-0.101,8662000000.0,-784000000.0,664000000.0,0.0,18.122,-3.792,-3.782,4275000000.0,0.0,25.72,0.384,0.385,1427000000.0,-2713000000.0,7878000000.0,7878000000.0,0.0,-0.091,-1.804,-0.073,-0.093,50000000.0,3542000000.0,1.0,117663455.0,118034000,118581500.0,66.743,7418000000.0,222000000.0,-346000000.0,78000000.0,62.846,920000000.0
58,THC,MRT,2006-12-31,2006-12-31,2006-12-31,2021-09-08,-45000000.0,8539000000.0,9029500000.0,3025000000.0,5514000000.0,0.858,2.243,-467000000.0,784000000.0,784000000.0,0.0,-803000000.0,1.571,31.345,4782000000.0,22000000.0,4760000000.0,4782000000.0,0.0,316000000.0,0.0,0.0,0.0,-653000000.0,-337000000.0,-0.044,-337000000.0,-653000000.0,-1061000000.0,-6.84,-6.84,-6.84,264000000.0,675250000.0,264000000.0,7010088788.0,-11.0,-20.801,-929000000.0,-7.892,1.0,7744000000.0,1.0,832000000.0,408000000.0,9780000000.0,10048250000.0,184000000.0,422000000.0,39000000.0,383000000.0,8275000000.0,1925000000.0,6350000000.0,3285088788.0,-589000000.0,-28000000.0,0.0,-20000000.0,0.0,252000000.0,-379000000.0,-6000000.0,-462000000.0,0.0,-803000000.0,-803000000.0,-803000000.0,-46000000.0,0.0,-0.104,8509000000.0,-765000000.0,775000000.0,0.0,12.444,-4.091,-4.076,4299000000.0,0.0,27.88,0.424,0.424,1413000000.0,-2610000000.0,7744000000.0,7744000000.0,0.0,-0.089,-1.189,-0.065,-0.084,50000000.0,3477000000.0,1.0,117829584.0,117711750,117711750.0,65.788,7707000000.0,240000000.0,-258000000.0,107000000.0,65.473,1100000000.0
59,THC,MRT,2006-09-30,2006-09-30,2006-09-30,2021-09-08,-39000000.0,9042000000.0,9347750000.0,3138000000.0,5904000000.0,0.888,5.356,-514000000.0,1072000000.0,1072000000.0,0.0,-703000000.0,1.646,13.33,4797000000.0,38000000.0,4759000000.0,4797000000.0,0.0,319000000.0,0.0,0.0,0.0,-648000000.0,-329000000.0,-0.04,-329000000.0,-648000000.0,-1055000000.0,-5.96,-5.96,-5.96,631000000.0,864500000.0,631000000.0,7811494682.0,-12.0,-23.743,-877000000.0,-7.444,1.0,8298000000.0,1.0,955000000.0,407000000.0,9905000000.0,10014750000.0,177000000.0,384000000.0,15000000.0,369000000.0,8411000000.0,1907000000.0,6504000000.0,3836494682.0,-671000000.0,-28000000.0,-11000000.0,-3000000.0,0.0,-1000000.0,-307000000.0,61000000.0,-363000000.0,0.0,-703000000.0,-703000000.0,-703000000.0,76000000.0,0.0,-0.085,8926000000.0,-628000000.0,749000000.0,0.0,6.08,-5.457,-5.463,4317000000.0,0.0,32.56,0.462,0.462,1453000000.0,-2224000000.0,8298000000.0,8298000000.0,0.0,-0.075,-0.813,-0.065,-0.078,44000000.0,3714000000.0,1.0,117828461.0,117806750,117806750.0,70.437,8087000000.0,287000000.0,-352000000.0,268000000.0,68.646,1231000000.0
60,THC,MRT,2006-06-30,2006-06-30,2006-06-30,2021-09-08,-40000000.0,9200000000.0,9579000000.0,3349000000.0,5851000000.0,0.876,6.009,-612000000.0,831000000.0,831000000.0,0.0,-1015000000.0,1.878,12.013,4806000000.0,19000000.0,4787000000.0,4806000000.0,0.0,331000000.0,0.0,0.0,0.0,-917000000.0,-586000000.0,-0.07,-586000000.0,-917000000.0,-1321000000.0,-8.6,-8.6,-8.6,707000000.0,1037750000.0,707000000.0,6851154687.0,-7.0,-11.691,-1190000000.0,-10.115,1.0,8390000000.0,1.0,947000000.0,404000000.0,10445000000.0,10038250000.0,174000000.0,376000000.0,11000000.0,365000000.0,8493000000.0,1783000000.0,6710000000.0,3285154687.0,-1026000000.0,0.0,-9000000.0,-4000000.0,0.0,0.0,-448000000.0,62000000.0,-578000000.0,0.0,-1015000000.0,-1015000000.0,-1015000000.0,279000000.0,0.0,-0.121,9086000000.0,-696000000.0,761000000.0,0.0,4.647,-3.237,-3.247,4276000000.0,0.0,27.92,0.392,0.392,1769000000.0,-2135000000.0,8390000000.0,8390000000.0,0.0,-0.106,-0.978,-0.091,-0.109,44000000.0,3772000000.0,1.0,117663134.0,117652000,117652000.0,71.312,8253000000.0,285000000.0,-306000000.0,141000000.0,70.148,1566000000.0
61,THC,MRT,2006-03-31,2006-03-31,2006-03-31,2021-09-08,-40000000.0,9337000000.0,9842000000.0,3078000000.0,6259000000.0,0.847,9.352,-588000000.0,1238000000.0,1238000000.0,0.0,-650000000.0,1.701,7.496,4804000000.0,19000000.0,4785000000.0,4804000000.0,0.0,313000000.0,0.0,0.0,0.0,-311000000.0,2000000.0,0.0,2000000.0,-311000000.0,-716000000.0,-5.48,-5.48,-5.48,1099000000.0,1288250000.0,1099000000.0,6627880254.0,-21.0,3313.94,-662000000.0,-5.633,1.0,8337000000.0,1.0,1031000000.0,405000000.0,10063000000.0,9987750000.0,194000000.0,374000000.0,10000000.0,364000000.0,8238000000.0,1809000000.0,6429000000.0,3460880254.0,-522000000.0,0.0,-8000000.0,-3000000.0,0.0,0.0,-448000000.0,74000000.0,-74000000.0,0.0,-650000000.0,-650000000.0,-650000000.0,352000000.0,0.0,-0.078,8351000000.0,-14000000.0,776000000.0,0.0,3.149,-5.324,-5.387,4601000000.0,0.0,29.52,0.415,0.416,1584000000.0,-1737000000.0,8337000000.0,8337000000.0,0.0,-0.066,-0.505,-0.031,-0.037,46000000.0,3795000000.0,1.0,117238491.0,117517250,117517250.0,70.943,8306000000.0,33000000.0,-66000000.0,136000000.0,70.679,1269000000.0
62,THC,MRT,2005-12-31,2005-12-31,2005-12-31,2021-09-08,-39000000.0,9812000000.0,10060250000.0,3508000000.0,6304000000.0,0.828,8.71,-491000000.0,1636000000.0,1636000000.0,0.0,-724000000.0,1.531,8.61,4803000000.0,19000000.0,4784000000.0,4803000000.0,0.0,327000000.0,0.0,0.0,0.0,-408000000.0,-81000000.0,-0.01,-81000000.0,-408000000.0,-812000000.0,-6.16,-6.16,-6.16,1021000000.0,1444250000.0,1021000000.0,6655651913.0,-16.0,-82.169,272000000.0,2.32,1.0,8326000000.0,1.0,1041000000.0,404000000.0,9646000000.0,10079500000.0,190000000.0,385000000.0,5000000.0,380000000.0,8791000000.0,2292000000.0,6499000000.0,3595651913.0,719000000.0,0.0,0.0,335000000.0,0.0,348000000.0,-392000000.0,51000000.0,763000000.0,0.0,-724000000.0,-724000000.0,-724000000.0,436000000.0,0.0,-0.087,8327000000.0,-1000000.0,857000000.0,0.0,3.522,-4.966,-4.974,4620000000.0,0.0,30.64,0.432,0.431,1600000000.0,-1807000000.0,8326000000.0,8326000000.0,0.0,-0.072,-0.501,-0.04,-0.049,48000000.0,3807000000.0,1.0,117351564.0,117224500,117224500.0,71.026,8771000000.0,107000000.0,-88000000.0,212000000.0,74.822,1216000000.0
63,THC,MRT,2005-09-30,2005-09-30,2005-09-30,2021-09-08,-12000000.0,9967000000.0,10127500000.0,4026000000.0,5941000000.0,0.795,11.288,-192000000.0,1743000000.0,1743000000.0,0.0,-2625000000.0,2.031,6.528,4803000000.0,20000000.0,4783000000.0,4803000000.0,0.0,298000000.0,0.0,0.0,0.0,-1865000000.0,-1567000000.0,-0.195,-1567000000.0,-1865000000.0,-2259000000.0,-22.48,-22.48,-22.48,1324000000.0,1613750000.0,1324000000.0,8214027332.0,-4.0,-5.242,203000000.0,1.731,1.0,8055000000.0,1.0,1046000000.0,394000000.0,9999000000.0,10297250000.0,187000000.0,367000000.0,65000000.0,302000000.0,8643000000.0,1982000000.0,6661000000.0,5267027332.0,157000000.0,0.0,13000000.0,229000000.0,0.0,-20000000.0,-218000000.0,-34000000.0,395000000.0,0.0,-2625000000.0,-2625000000.0,-2625000000.0,851000000.0,0.0,-0.326,9092000000.0,-1037000000.0,806000000.0,0.0,3.978,-2.006,-1.998,4593000000.0,0.0,44.92,0.654,0.654,1523000000.0,-1521000000.0,8055000000.0,8055000000.0,0.0,-0.259,-1.627,-0.181,-0.232,57000000.0,3689000000.0,1.0,117253502.0,117294750,117294750.0,68.673,8921000000.0,195000000.0,366000000.0,347000000.0,76.056,2044000000.0
64,THC,MRT,2005-06-30,2005-06-30,2005-06-30,2021-09-08,-12000000.0,10252000000.0,10667250000.0,4123000000.0,6129000000.0,0.78,14.583,-103000000.0,1857000000.0,1857000000.0,0.0,-2301000000.0,2.087,4.999,4804000000.0,20000000.0,4784000000.0,4804000000.0,0.0,304000000.0,0.0,0.0,0.0,-1572000000.0,-1268000000.0,-0.152,-1268000000.0,-1572000000.0,-1956000000.0,-19.76,-19.76,-19.76,1709000000.0,2245000000.0,1709000000.0,8776217950.0,-6.0,-6.921,430000000.0,3.669,1.0,8325000000.0,1.0,980000000.0,384000000.0,10243000000.0,10577750000.0,193000000.0,375000000.0,75000000.0,300000000.0,8543000000.0,1976000000.0,6567000000.0,5735217950.0,401000000.0,0.0,9000000.0,229000000.0,0.0,-17000000.0,-115000000.0,-34000000.0,533000000.0,0.0,-2301000000.0,-2301000000.0,-2301000000.0,599000000.0,0.0,-0.276,9310000000.0,-985000000.0,744000000.0,0.0,3.356,-2.492,-2.478,4849000000.0,0.0,48.96,0.689,0.689,1499000000.0,-1120000000.0,8325000000.0,8325000000.0,0.0,-0.216,-1.025,-0.149,-0.189,70000000.0,3773000000.0,1.0,117140890.0,117189500,117189500.0,71.039,9272000000.0,104000000.0,345000000.0,273000000.0,79.12,2147000000.0
65,THC,MRT,2005-03-31,2005-03-31,2005-03-31,2021-09-08,-13000000.0,10210000000.0,11141750000.0,4117000000.0,6093000000.0,0.78,14.725,-25000000.0,1760000000.0,1760000000.0,0.0,-2691000000.0,2.234,4.926,4801000000.0,19000000.0,4782000000.0,4801000000.0,0.0,335000000.0,0.0,0.0,0.0,-2081000000.0,-1746000000.0,-0.201,-1746000000.0,-2081000000.0,-2437000000.0,-23.12,-23.12,-23.12,1723000000.0,2789500000.0,1723000000.0,8893536907.0,-4.0,-5.094,468000000.0,4.0,1.0,8693000000.0,1.0,978000000.0,356000000.0,10430000000.0,10843000000.0,190000000.0,410000000.0,112000000.0,298000000.0,8487000000.0,1843000000.0,6644000000.0,5374536907.0,990000000.0,0.0,8000000.0,721000000.0,0.0,475000000.0,22000000.0,-30000000.0,493000000.0,0.0,-2691000000.0,-2691000000.0,-2691000000.0,830000000.0,0.0,-0.31,9946000000.0,-1253000000.0,774000000.0,0.0,3.119,-1.997,-1.995,4817000000.0,0.0,46.12,0.618,0.621,1591000000.0,-1087000000.0,8693000000.0,8693000000.0,0.0,-0.242,-0.965,-0.192,-0.239,93000000.0,3876000000.0,1.0,116533758.0,117011750,117236750.0,74.292,9232000000.0,112000000.0,254000000.0,284000000.0,78.898,2274000000.0
66,THC,MRT,2004-12-31,2004-12-31,2004-12-31,2021-09-08,-13000000.0,10081000000.0,11622000000.0,3996000000.0,6085000000.0,0.754,14.577,-56000000.0,917000000.0,917000000.0,0.0,-2806000000.0,1.89,4.933,4436000000.0,41000000.0,4395000000.0,4436000000.0,0.0,334000000.0,0.0,0.0,0.0,-2179000000.0,-1845000000.0,-0.21,-1845000000.0,-2179000000.0,-2511000000.0,-24.08,-24.08,-24.08,1699000000.0,3425750000.0,1699000000.0,8313998291.0,-4.0,-4.506,-138000000.0,-1.184,1.0,8768000000.0,1.0,969000000.0,332000000.0,10517000000.0,11094250000.0,188000000.0,413000000.0,117000000.0,296000000.0,8382000000.0,2114000000.0,6268000000.0,5123998291.0,35000000.0,0.0,2000000.0,382000000.0,0.0,129000000.0,-12000000.0,-32000000.0,-82000000.0,0.0,-2806000000.0,-2806000000.0,-2806000000.0,952000000.0,0.0,-0.32,10005000000.0,-1237000000.0,937000000.0,0.0,3.016,-1.826,-1.824,4820000000.0,0.0,43.92,0.584,0.584,1692000000.0,-1083000000.0,8768000000.0,8768000000.0,0.0,-0.241,-0.819,-0.196,-0.249,101000000.0,3843000000.0,1.0,116666628.0,116556500,116556500.0,75.225,9112000000.0,648000000.0,295000000.0,311000000.0,78.177,1882000000.0
67,THC,MRT,2004-09-30,2004-09-30,2004-09-30,2021-09-08,-13000000.0,12126000000.0,12176250000.0,4887000000.0,7239000000.0,0.807,32.993,370000000.0,1323000000.0,1323000000.0,0.0,-1660000000.0,2.326,2.15,4513000000.0,26000000.0,4487000000.0,4513000000.0,0.0,383000000.0,0.0,0.0,0.0,-1636000000.0,-1253000000.0,-0.127,-1253000000.0,-1636000000.0,-1953000000.0,-14.32,-14.32,-14.32,3849000000.0,4091250000.0,3849000000.0,8350596984.0,-5.0,-6.664,696000000.0,5.966,1.0,9830000000.0,1.0,2094000000.0,317000000.0,11121000000.0,11273750000.0,187000000.0,430000000.0,122000000.0,308000000.0,8277000000.0,2101000000.0,6176000000.0,5029596984.0,1104000000.0,-39000000.0,5000000.0,464000000.0,0.0,480000000.0,298000000.0,-59000000.0,326000000.0,0.0,-1660000000.0,-1660000000.0,-1660000000.0,575000000.0,0.0,-0.169,10910000000.0,-1080000000.0,839000000.0,0.0,1.307,-3.03,-3.014,4837000000.0,0.0,43.16,0.512,0.512,1791000000.0,1092000000.0,9830000000.0,9830000000.0,0.0,-0.136,-0.406,-0.145,-0.166,112000000.0,4265000000.0,1.0,116533758.0,116661500,116661500.0,84.261,10032000000.0,594000000.0,-293000000.0,85000000.0,85.992,2786000000.0
68,THC,MRT,2004-06-30,2004-06-30,2004-06-30,2021-09-08,-14000000.0,12150000000.0,12514000000.0,4928000000.0,7222000000.0,0.794,33.37,273000000.0,1193000000.0,1193000000.0,0.0,-1891000000.0,2.377,2.126,4514000000.0,26000000.0,4488000000.0,4514000000.0,0.0,375000000.0,0.0,0.0,0.0,-1984000000.0,-1609000000.0,-0.162,-1609000000.0,-1984000000.0,-2283000000.0,-16.28,-16.28,-16.28,3887000000.0,4447000000.0,3887000000.0,9782949777.0,-5.0,-6.08,613000000.0,5.263,1.0,9930000000.0,1.0,2094000000.0,299000000.0,11304000000.0,11468250000.0,187000000.0,428000000.0,123000000.0,305000000.0,8263000000.0,2073000000.0,6190000000.0,6241949777.0,972000000.0,-39000000.0,7000000.0,471000000.0,0.0,477000000.0,155000000.0,-58000000.0,340000000.0,0.0,-1891000000.0,-1891000000.0,-1891000000.0,657000000.0,0.0,-0.19,11267000000.0,-1337000000.0,853000000.0,0.0,1.606,-3.301,-3.295,4823000000.0,0.0,53.64,0.629,0.629,1929000000.0,1162000000.0,9930000000.0,9930000000.0,0.0,-0.151,-0.425,-0.173,-0.2,120000000.0,4241000000.0,1.0,116367446.0,116480500,116480500.0,85.25,10056000000.0,537000000.0,-392000000.0,108000000.0,86.332,2855000000.0
69,THC,MRT,2004-03-31,2004-03-31,2004-03-31,2021-09-08,-9000000.0,12131000000.0,12855250000.0,4864000000.0,7267000000.0,0.784,36.691,82000000.0,507000000.0,507000000.0,0.0,-1663000000.0,2.213,1.842,4048000000.0,39000000.0,4009000000.0,4048000000.0,0.0,378000000.0,0.0,0.0,0.0,-1683000000.0,-1305000000.0,-0.13,-1305000000.0,-1683000000.0,-1983000000.0,-14.32,-14.32,-14.32,4268000000.0,4858000000.0,4268000000.0,8603557988.0,-5.0,-6.593,637000000.0,5.476,1.0,10077000000.0,1.0,2039000000.0,300000000.0,11435000000.0,11647000000.0,185000000.0,494000000.0,134000000.0,360000000.0,7863000000.0,2198000000.0,5665000000.0,5165557988.0,372000000.0,-39000000.0,-91000000.0,-40000000.0,0.0,-127000000.0,-56000000.0,-60000000.0,555000000.0,0.0,-1663000000.0,-1663000000.0,-1663000000.0,530000000.0,0.0,-0.165,11242000000.0,-1165000000.0,889000000.0,0.0,1.21,-3.106,-3.117,4868000000.0,0.0,44.64,0.513,0.515,2347000000.0,1588000000.0,10077000000.0,10077000000.0,0.0,-0.129,-0.342,-0.145,-0.167,121000000.0,4295000000.0,1.0,115715905.0,116324000,116397500.0,86.629,10092000000.0,402000000.0,-320000000.0,114000000.0,86.758,2666000000.0
70,THC,MRT,2003-12-31,2003-12-31,2003-12-31,2021-09-08,-8000000.0,12298000000.0,13243500000.0,4248000000.0,8050000000.0,0.759,37.439,-82000000.0,619000000.0,619000000.0,0.0,-1564000000.0,1.774,1.82,4057000000.0,18000000.0,4039000000.0,4057000000.0,0.0,380000000.0,0.0,0.0,0.0,-1544000000.0,-1164000000.0,-0.116,-1164000000.0,-1544000000.0,-1838000000.0,-13.44,-13.44,-13.44,4361000000.0,5226750000.0,4361000000.0,11295752207.0,-7.0,-9.704,756000000.0,6.49,1.0,10052000000.0,1.0,2107000000.0,294000000.0,11235000000.0,11849250000.0,224000000.0,509000000.0,123000000.0,386000000.0,7937000000.0,2394000000.0,5543000000.0,7459752207.0,409000000.0,-39000000.0,-203000000.0,102000000.0,0.0,-96000000.0,-333000000.0,-163000000.0,838000000.0,0.0,-1564000000.0,-1564000000.0,-1564000000.0,444000000.0,0.0,-0.156,11163000000.0,-1111000000.0,987000000.0,0.0,1.711,-4.77,-4.777,5557000000.0,0.0,64.2,0.742,0.744,2415000000.0,1710000000.0,10052000000.0,10052000000.0,0.0,-0.118,-0.299,-0.13,-0.154,139000000.0,4238000000.0,1.0,116195517.0,116481750,116481750.0,86.297,10191000000.0,401000000.0,-274000000.0,40000000.0,87.49,1854000000.0
71,THC,MRT,2003-09-30,2003-09-30,2003-09-30,2021-09-08,-11000000.0,13477000000.0,13618000000.0,4223000000.0,9254000000.0,0.769,45.485,-816000000.0,219000000.0,219000000.0,0.0,-450000000.0,1.78,1.556,4055000000.0,23000000.0,4032000000.0,4055000000.0,0.0,375000000.0,0.0,0.0,0.0,-165000000.0,210000000.0,0.02,210000000.0,-165000000.0,-466000000.0,-3.84,-3.88,-3.84,5272000000.0,5592500000.0,5272000000.0,10544282480.0,-64.0,50.211,384000000.0,3.313,1.0,10475000000.0,1.0,3041000000.0,301000000.0,11899000000.0,11950000000.0,224000000.0,402000000.0,103000000.0,299000000.0,8205000000.0,2373000000.0,5832000000.0,6716282480.0,179000000.0,-27000000.0,-567000000.0,409000000.0,0.0,-162000000.0,-859000000.0,-107000000.0,1200000000.0,0.0,-450000000.0,-450000000.0,-450000000.0,300000000.0,0.0,-0.043,10346000000.0,129000000.0,870000000.0,0.0,1.274,-14.925,-15.083,5914000000.0,0.0,57.92,0.641,0.641,2465000000.0,2662000000.0,10475000000.0,10475000000.0,0.0,-0.033,-0.08,-0.014,-0.016,175000000.0,4288000000.0,1.0,115957916.0,115907250,115907250.0,90.374,10436000000.0,361000000.0,-16000000.0,253000000.0,90.038,1850000000.0
72,THC,MRT,2003-06-30,2003-06-30,2003-06-30,2021-09-08,-12000000.0,13515000000.0,,4281000000.0,9234000000.0,,47.567,-899000000.0,221000000.0,221000000.0,0.0,186000000.0,1.874,1.444,4049000000.0,23000000.0,4026000000.0,4049000000.0,0.0,414000000.0,0.0,0.0,0.0,782000000.0,1196000000.0,0.104,1196000000.0,782000000.0,492000000.0,1.48,1.4,1.48,5531000000.0,,5531000000.0,9367176846.0,12.0,7.832,810000000.0,6.966,1.0,11476000000.0,1.0,3040000000.0,290000000.0,12019000000.0,,220000000.0,398000000.0,103000000.0,295000000.0,7984000000.0,2284000000.0,5700000000.0,5436176846.0,183000000.0,-27000000.0,-665000000.0,16000000.0,0.0,-642000000.0,-884000000.0,-105000000.0,1709000000.0,0.0,186000000.0,186000000.0,186000000.0,180000000.0,0.0,0.016,10517000000.0,959000000.0,911000000.0,0.0,0.983,29.227,31.486,5899000000.0,0.0,46.6,0.474,0.472,2667000000.0,2970000000.0,11476000000.0,11476000000.0,0.0,,,,0.068,194000000.0,4619000000.0,1.0,116656156.0,116277500,116277500.0,98.695,10475000000.0,171000000.0,306000000.0,207000000.0,90.086,1997000000.0
73,THC,MRT,2003-03-31,2003-03-31,2003-03-31,2021-09-08,-14000000.0,13684000000.0,,4280000000.0,9404000000.0,,48.824,-965000000.0,135000000.0,135000000.0,0.0,623000000.0,1.852,1.383,4066000000.0,41000000.0,4025000000.0,4066000000.0,0.0,459000000.0,0.0,0.0,0.0,1411000000.0,1870000000.0,0.153,1870000000.0,1411000000.0,1128000000.0,5.12,5.0,5.12,5743000000.0,,5743000000.0,11790431163.0,8.0,6.305,1107000000.0,9.411,1.0,12249000000.0,1.0,3060000000.0,283000000.0,12244000000.0,,221000000.0,388000000.0,95000000.0,293000000.0,7941000000.0,2311000000.0,5630000000.0,7911431163.0,89000000.0,-27000000.0,-668000000.0,-336000000.0,0.0,-1008000000.0,-975000000.0,-105000000.0,2072000000.0,0.0,623000000.0,623000000.0,623000000.0,36000000.0,0.0,0.051,10702000000.0,1547000000.0,928000000.0,0.0,1.378,12.699,13.047,6051000000.0,0.0,66.8,0.646,0.641,2733000000.0,3165000000.0,12249000000.0,12249000000.0,0.0,,,,0.115,225000000.0,4829000000.0,1.0,118434598.0,117627750,118081250.0,104.134,10624000000.0,160000000.0,505000000.0,361000000.0,90.319,1969000000.0
74,THC,MRT,2002-12-31,2002-12-31,2002-12-31,2021-09-08,-15000000.0,13796000000.0,,3808000000.0,9988000000.0,,48.045,-968000000.0,210000000.0,210000000.0,0.0,921000000.0,1.572,1.369,3919000000.0,47000000.0,3872000000.0,3919000000.0,0.0,515000000.0,0.0,0.0,0.0,1851000000.0,2366000000.0,0.184,2366000000.0,1851000000.0,1566000000.0,7.56,7.36,7.56,5824000000.0,,5824000000.0,11551323821.0,6.0,4.882,1490000000.0,12.292,1.0,12874000000.0,1.0,3444000000.0,285000000.0,11638000000.0,,241000000.0,270000000.0,85000000.0,185000000.0,7972000000.0,2423000000.0,5549000000.0,7998323821.0,148000000.0,-27000000.0,-749000000.0,-692000000.0,0.0,-1451000000.0,-859000000.0,0.0,2458000000.0,0.0,921000000.0,921000000.0,921000000.0,-4000000.0,0.0,0.072,10921000000.0,1953000000.0,898000000.0,0.0,1.373,8.684,8.677,6359000000.0,0.0,65.6,0.621,0.618,2590000000.0,3187000000.0,12874000000.0,12874000000.0,0.0,,,,0.144,298000000.0,5033000000.0,1.0,121925668.0,121219250,123382500.0,106.204,10352000000.0,261000000.0,645000000.0,654000000.0,85.399,1385000000.0
75,THC,MRT,2002-09-30,2002-09-30,2002-09-30,2021-09-08,,,,,,,,,,,,,,,,,,,,,,0.0,0.0,,,,,,,,,,,,,28142898221.0,,,,,1.0,,,,,,,,,,,,,,24162898221.0,,,,,,,,,,,,,,,,,,,,,,,,,,198.0,,,,,,,,,,,,,,1.0,122034840.0,122026500,,,,,,,,
76,THC,MRT,2002-06-30,2002-05-31,2002-05-31,2021-09-08,-44000000.0,13803000000.0,13399000000.0,3383000000.0,10420000000.0,0.726,46.533,-861000000.0,38000000.0,38000000.0,0.0,697000000.0,1.325,1.423,4018000000.0,99000000.0,3919000000.0,4018000000.0,0.0,455000000.0,0.0,0.0,0.0,1340000000.0,1795000000.0,0.184,1795000000.0,1340000000.0,1016000000.0,5.68,5.56,5.68,5697000000.0,5388000000.0,5697000000.0,28522043448.0,21.0,15.89,1454000000.0,11.876,1.0,9734000000.0,1.0,3472000000.0,324000000.0,11757000000.0,11676500000.0,231000000.0,463000000.0,100000000.0,363000000.0,8106000000.0,2554000000.0,5552000000.0,24277043448.0,-24000000.0,-324000000.0,-442000000.0,-641000000.0,0.0,-1112000000.0,-1227000000.0,0.0,2315000000.0,0.0,697000000.0,697000000.0,697000000.0,-363000000.0,0.0,0.072,8381000000.0,1353000000.0,968000000.0,0.0,4.261,34.831,34.977,6585000000.0,0.0,198.667,2.494,2.499,2425000000.0,2786000000.0,9734000000.0,9734000000.0,0.0,0.052,0.129,0.115,0.138,268000000.0,3837000000.0,1.0,122199883.0,122429250,125724750.0,79.507,10331000000.0,188000000.0,319000000.0,634000000.0,84.383,829000000.0
77,THC,MRT,2002-03-31,2002-03-31,2002-03-31,2021-09-08,,,,,,,,,,,,,,,,,,,,,,0.0,0.0,,,,,,,,,,,,,26105176059.0,,,,,1.0,,,,,,,,,,,,,,21812176059.0,,,,,,,,,,,,,,,,,,,,,,,,,,178.72,,,,,,,,,,,,,,1.0,122046643.0,122508750,,,,,,,,
78,THC,MRT,2001-12-31,2001-12-31,2001-12-31,2021-09-08,,,,,,,,,,,0.0,578000000.0,,,,,,,,,,0.0,0.0,1373000000.0,,,,1373000000.0,918000000.0,4.84,4.72,4.84,,,,23438059822.0,17.0,,,,1.0,10970000000.0,1.0,,455000000.0,,,,,,,,,,19112059822.0,,,,,,,,,,,578000000.0,578000000.0,578000000.0,-107000000.0,0.0,0.053,9699000000.0,1271000000.0,,0.0,,33.066,32.353,,0.0,156.587,1.742,1.712,,,10970000000.0,10970000000.0,0.0,,,,0.125,,4388000000.0,1.0,122054197.0,119905250,122682000.0,91.489,,,340000000.0,,,
79,THC,MRT,2001-09-30,2001-08-31,2001-08-31,2021-09-08,-28000000.0,13376000000.0,13185250000.0,3281000000.0,10095000000.0,0.945,43.177,-580000000.0,66000000.0,66000000.0,0.0,644000000.0,1.565,1.531,4392000000.0,30000000.0,4362000000.0,4392000000.0,0.0,417000000.0,0.0,0.0,0.0,1531000000.0,1948000000.0,0.156,1948000000.0,1531000000.0,1101000000.0,5.333,5.2,5.333,5284000000.0,4971750000.0,5284000000.0,22319889884.0,15.0,11.458,1454000000.0,11.881,1.0,12457000000.0,1.0,3515000000.0,430000000.0,12091000000.0,12329500000.0,223000000.0,462000000.0,103000000.0,359000000.0,8092000000.0,2096000000.0,5996000000.0,18154889884.0,-17000000.0,-268000000.0,191000000.0,-1274000000.0,0.0,-1080000000.0,-971000000.0,0.0,2034000000.0,0.0,644000000.0,644000000.0,644000000.0,0.0,0.0,0.052,10813000000.0,1644000000.0,801000000.0,0.0,3.436,28.191,27.712,6221000000.0,0.0,147.787,1.457,1.452,2348000000.0,2426000000.0,12457000000.0,12457000000.0,0.0,0.049,0.13,0.124,0.123,125000000.0,4827000000.0,1.0,122845249.0,122379500,125851250.0,101.79,9861000000.0,166000000.0,457000000.0,589000000.0,80.577,1185000000.0
80,THC,MRT,2001-06-30,2001-05-31,2001-05-31,2021-09-08,-44000000.0,12995000000.0,13114000000.0,3226000000.0,9769000000.0,0.919,41.696,-469000000.0,62000000.0,62000000.0,0.0,643000000.0,1.489,1.559,4227000000.0,25000000.0,4202000000.0,4227000000.0,0.0,554000000.0,0.0,0.0,0.0,1542000000.0,2096000000.0,0.174,2096000000.0,1542000000.0,1086000000.0,5.36,5.24,5.36,5079000000.0,4724000000.0,5079000000.0,19562394197.0,13.0,9.333,1349000000.0,11.074,1.0,12053000000.0,1.0,3398000000.0,456000000.0,11596000000.0,12630000000.0,214000000.0,499000000.0,104000000.0,395000000.0,7916000000.0,2166000000.0,5750000000.0,14749394197.0,-73000000.0,-29000000.0,254000000.0,-1558000000.0,0.0,-1317000000.0,-574000000.0,0.0,1818000000.0,0.0,643000000.0,643000000.0,643000000.0,0.0,0.0,0.053,10506000000.0,1547000000.0,775000000.0,0.0,2.904,22.938,22.632,5976000000.0,0.0,121.307,1.224,1.226,2386000000.0,2270000000.0,12053000000.0,12053000000.0,0.0,0.049,0.136,0.122,0.128,137000000.0,4680000000.0,1.0,121587664.0,121811375,124912875.0,98.948,9597000000.0,155000000.0,443000000.0,554000000.0,78.786,1060000000.0
81,THC,MRT,2001-03-31,2001-02-28,2001-02-28,2021-09-08,0.0,13249000000.0,13155500000.0,3579000000.0,9670000000.0,0.894,40.93,-470000000.0,57000000.0,57000000.0,0.0,547000000.0,1.884,1.682,4870000000.0,14000000.0,4856000000.0,4870000000.0,0.0,134000000.0,0.0,0.0,0.027,1399000000.0,1533000000.0,0.13,1533000000.0,1399000000.0,927000000.0,4.627,4.48,4.627,4940000000.0,4470750000.0,4940000000.0,19776530918.0,14.0,12.901,1015000000.0,8.41,1.0,11755000000.0,1.0,3334000000.0,472000000.0,12828000000.0,13096500000.0,219000000.0,556000000.0,112000000.0,444000000.0,8309000000.0,1900000000.0,6409000000.0,14802530918.0,19000000.0,-15000000.0,45000000.0,-1153000000.0,0.0,-895000000.0,-571000000.0,0.0,1485000000.0,0.0,547000000.0,547000000.0,547000000.0,19000000.0,0.0,0.047,10283000000.0,1472000000.0,684000000.0,0.006,2.996,27.061,26.586,5892000000.0,0.0,123.013,1.259,1.263,2647000000.0,,11755000000.0,11755000000.0,0.0,0.042,0.122,0.107,0.119,3000000.0,4547000000.0,1.0,120332736.0,120694125,123795000.0,97.395,9915000000.0,125000000.0,380000000.0,529000000.0,82.15,1679000000.0
82,THC,MRT,2000-12-31,2000-11-30,2000-11-30,2021-09-08,0.0,13121000000.0,13191250000.0,3529000000.0,9592000000.0,0.877,38.436,-473000000.0,82000000.0,82000000.0,0.0,387000000.0,1.827,1.862,5056000000.0,9000000.0,5047000000.0,5056000000.0,0.0,267000000.0,0.0,0.0,0.027,1139000000.0,1406000000.0,0.122,1406000000.0,1139000000.0,663000000.0,3.293,3.2,3.293,4584000000.0,4261500000.0,4584000000.0,18845628455.0,17.0,13.404,796000000.0,6.674,1.0,11569000000.0,1.0,3360000000.0,476000000.0,12803000000.0,13438750000.0,219000000.0,474000000.0,105000000.0,369000000.0,8537000000.0,1932000000.0,6605000000.0,13494628455.0,51000000.0,-51000000.0,45000000.0,-788000000.0,0.0,-605000000.0,-613000000.0,0.0,1269000000.0,0.0,387000000.0,387000000.0,387000000.0,19000000.0,0.0,0.033,10401000000.0,1168000000.0,696000000.0,0.008,2.944,34.87,34.465,5863000000.0,0.0,113.493,1.166,1.17,2545000000.0,,11569000000.0,11569000000.0,0.0,0.029,0.091,0.085,0.098,3000000.0,4490000000.0,1.0,118902389.0,119263125,122147250.0,97.004,9761000000.0,113000000.0,276000000.0,497000000.0,81.844,1597000000.0
83,THC,MRT,2000-09-30,2000-08-31,2000-08-31,2021-09-08,0.0,13091000000.0,13229750000.0,3559000000.0,9532000000.0,0.864,36.417,152000000.0,83000000.0,83000000.0,0.0,347000000.0,1.938,2.049,5434000000.0,10000000.0,5424000000.0,5434000000.0,0.0,670000000.0,0.0,0.0,0.027,1125000000.0,1795000000.0,0.157,1795000000.0,1125000000.0,647000000.0,2.973,2.907,2.973,4293000000.0,4137750000.0,4293000000.0,15267452112.0,14.0,8.506,1280000000.0,10.858,1.0,11434000000.0,1.0,3313000000.0,478000000.0,13293000000.0,13679750000.0,226000000.0,483000000.0,106000000.0,377000000.0,8798000000.0,1836000000.0,6962000000.0,9725452112.0,59000000.0,-47000000.0,84000000.0,-1164000000.0,0.0,-1070000000.0,1000000.0,0.0,1128000000.0,0.0,347000000.0,347000000.0,347000000.0,19000000.0,0.0,0.03,10330000000.0,1104000000.0,601000000.0,0.009,2.265,28.027,27.707,5842000000.0,0.0,82.373,0.851,0.849,2515000000.0,,11434000000.0,11434000000.0,0.0,0.026,0.084,0.082,0.098,15000000.0,4470000000.0,1.0,118065540.0,117883125,119903625.0,96.994,9778000000.0,176000000.0,300000000.0,500000000.0,82.947,1723000000.0
84,THC,MRT,2000-06-30,2000-05-31,2000-05-31,2021-09-08,-70000000.0,13161000000.0,13380250000.0,3594000000.0,9567000000.0,0.853,34.754,145000000.0,135000000.0,135000000.0,0.0,302000000.0,1.88,2.237,5677000000.0,9000000.0,5668000000.0,5677000000.0,0.0,533000000.0,0.0,0.0,0.027,1059000000.0,1592000000.0,0.139,1592000000.0,1059000000.0,580000000.0,2.6,2.56,2.6,4066000000.0,4052500000.0,4066000000.0,14142385850.0,13.0,8.883,1014000000.0,8.667,1.0,11414000000.0,1.0,3329000000.0,479000000.0,13462000000.0,14128250000.0,223000000.0,454000000.0,110000000.0,344000000.0,9095000000.0,1912000000.0,7183000000.0,8172385850.0,106000000.0,-38000000.0,45000000.0,-787000000.0,0.0,-727000000.0,-36000000.0,0.0,869000000.0,0.0,302000000.0,302000000.0,302000000.0,19000000.0,0.0,0.026,10367000000.0,1047000000.0,671000000.0,0.01,2.01,27.061,26.8,5894000000.0,0.0,69.68,0.716,0.714,2506000000.0,1627000000.0,11414000000.0,11414000000.0,0.0,0.023,0.075,0.075,0.093,3000000.0,4508000000.0,1.0,117284527.0,116992500,118094250.0,97.562,9832000000.0,176000000.0,278000000.0,491000000.0,84.04,1682000000.0
85,THC,MRT,2000-03-31,2000-02-28,2000-02-28,2021-09-08,0.0,13392000000.0,13532750000.0,3783000000.0,9609000000.0,0.846,35.037,120000000.0,38000000.0,38000000.0,0.0,145000000.0,2.102,2.264,6008000000.0,11000000.0,5997000000.0,6008000000.0,0.0,955000000.0,0.0,0.0,0.0,867000000.0,1822000000.0,0.159,1822000000.0,867000000.0,381000000.0,1.2,1.227,1.2,4103000000.0,4003500000.0,4103000000.0,11206403987.0,13.0,6.151,709000000.0,6.054,1.0,11445000000.0,1.0,3365000000.0,486000000.0,14197000000.0,14451500000.0,218000000.0,562000000.0,111000000.0,451000000.0,9289000000.0,1800000000.0,7489000000.0,5421403987.0,-23000000.0,-107000000.0,36000000.0,-567000000.0,0.0,-546000000.0,-66000000.0,0.0,589000000.0,0.0,145000000.0,145000000.0,145000000.0,0.0,0.0,0.013,10672000000.0,773000000.0,608000000.0,0.0,1.321,37.389,38.622,5793000000.0,0.0,46.347,0.474,0.474,2569000000.0,,11445000000.0,11445000000.0,0.0,0.011,0.036,0.06,0.076,3000000.0,4587000000.0,1.0,116975057.0,117104625,118450875.0,97.733,10027000000.0,152000000.0,236000000.0,443000000.0,85.624,1983000000.0
86,THC,MRT,1999-12-31,1999-11-30,1999-11-30,2021-09-08,0.0,13275000000.0,13652250000.0,3518000000.0,9757000000.0,0.836,35.003,96000000.0,31000000.0,31000000.0,0.0,231000000.0,1.828,2.247,5816000000.0,36000000.0,5780000000.0,5816000000.0,0.0,822000000.0,0.0,0.0,0.0,1006000000.0,1828000000.0,0.16,1828000000.0,1006000000.0,515000000.0,1.947,1.973,1.947,4089000000.0,3971000000.0,4089000000.0,13491896211.0,13.0,7.381,706000000.0,6.044,1.0,11417000000.0,1.0,3368000000.0,491000000.0,13767000000.0,14628000000.0,218000000.0,669000000.0,123000000.0,546000000.0,9186000000.0,1925000000.0,7261000000.0,6946896211.0,-1000000.0,-95000000.0,36000000.0,-530000000.0,0.0,-518000000.0,-93000000.0,0.0,610000000.0,0.0,231000000.0,231000000.0,231000000.0,0.0,0.0,0.02,10463000000.0,954000000.0,605000000.0,0.0,1.699,30.073,30.556,5843000000.0,0.0,59.493,0.608,0.609,2468000000.0,,11417000000.0,11417000000.0,0.0,0.017,0.058,0.069,0.088,3000000.0,4626000000.0,1.0,116767641.0,116817000,117654375.0,97.734,9907000000.0,126000000.0,284000000.0,427000000.0,84.808,1593000000.0
87,THC,MRT,1999-09-30,1999-08-31,1999-08-31,2021-09-08,0.0,13693000000.0,13740750000.0,3951000000.0,9742000000.0,0.815,33.87,-517000000.0,24000000.0,24000000.0,0.0,221000000.0,2.236,2.465,6569000000.0,44000000.0,6525000000.0,6569000000.0,0.0,556000000.0,0.0,0.0,0.0,932000000.0,1488000000.0,0.133,1488000000.0,932000000.0,442000000.0,1.867,1.893,1.867,3952000000.0,3914750000.0,3952000000.0,11836789429.0,13.0,7.955,36000000.0,0.309,1.0,11200000000.0,1.0,3384000000.0,490000000.0,15087000000.0,14821000000.0,226000000.0,659000000.0,119000000.0,540000000.0,9741000000.0,1767000000.0,7974000000.0,5429789429.0,3000000.0,-457000000.0,36000000.0,506000000.0,0.0,527000000.0,-1077000000.0,0.0,553000000.0,0.0,221000000.0,221000000.0,221000000.0,0.0,0.0,0.02,10266000000.0,934000000.0,600000000.0,0.0,1.374,24.569,24.91,5818000000.0,0.0,46.507,0.485,0.485,2424000000.0,,11200000000.0,11200000000.0,0.0,0.016,0.056,0.063,0.083,3000000.0,4555000000.0,1.0,116752926.0,116682000,117459000.0,95.987,10309000000.0,134000000.0,221000000.0,401000000.0,88.351,2184000000.0
88,THC,MRT,1999-06-30,1999-05-31,1999-05-31,2021-09-08,77000000.0,13771000000.0,13572000000.0,3962000000.0,9809000000.0,0.802,33.285,-520000000.0,29000000.0,29000000.0,0.0,249000000.0,1.959,2.558,6436000000.0,45000000.0,6391000000.0,6436000000.0,0.0,556000000.0,0.0,0.0,0.0,959000000.0,1515000000.0,0.139,1515000000.0,959000000.0,474000000.0,2.133,2.107,2.133,3870000000.0,3850000000.0,3870000000.0,14078157039.0,15.0,9.293,62000000.0,0.533,1.0,10880000000.0,1.0,3401000000.0,485000000.0,14755000000.0,14542500000.0,221000000.0,699000000.0,130000000.0,569000000.0,9901000000.0,2022000000.0,7879000000.0,7608157039.0,6000000.0,-541000000.0,36000000.0,549000000.0,0.0,571000000.0,-1147000000.0,0.0,582000000.0,0.0,249000000.0,249000000.0,249000000.0,0.0,0.0,0.023,9941000000.0,939000000.0,713000000.0,0.0,1.966,30.555,30.63,5839000000.0,0.0,65.333,0.699,0.698,2318000000.0,1329000000.0,10880000000.0,10880000000.0,0.0,0.018,0.065,0.066,0.088,3000000.0,4412000000.0,1.0,116451383.0,116268750,117519750.0,93.576,10370000000.0,196000000.0,225000000.0,440000000.0,89.19,1940000000.0
89,THC,MRT,1999-03-31,1999-02-28,1999-02-28,2021-09-08,0.0,13870000000.0,13322750000.0,3322000000.0,10548000000.0,0.789,34.146,-537000000.0,61000000.0,61000000.0,0.0,245000000.0,1.815,2.491,6531000000.0,35000000.0,6496000000.0,6531000000.0,0.0,460000000.0,0.0,0.0,0.0,973000000.0,1433000000.0,0.136,1433000000.0,973000000.0,493000000.0,2.053,2.107,2.053,3973000000.0,3772000000.0,3973000000.0,12393692357.0,13.0,8.649,44000000.0,0.378,1.0,10509000000.0,1.0,3607000000.0,480000000.0,14903000000.0,14224500000.0,244000000.0,654000000.0,130000000.0,524000000.0,9897000000.0,1830000000.0,8067000000.0,6106692357.0,44000000.0,-470000000.0,97000000.0,522000000.0,0.0,559000000.0,-1096000000.0,-25000000.0,581000000.0,0.0,245000000.0,245000000.0,245000000.0,0.0,0.0,0.023,9402000000.0,1107000000.0,642000000.0,0.0,1.537,24.925,25.576,6417000000.0,0.0,52.507,0.581,0.581,2303000000.0,,10509000000.0,10509000000.0,0.0,0.018,0.065,0.068,0.093,0.0,4256000000.0,1.0,116303181.0,116352000,117354375.0,90.321,10263000000.0,166000000.0,248000000.0,437000000.0,88.206,1492000000.0
90,THC,MRT,1998-12-31,1998-11-30,1998-11-30,2021-09-08,0.0,13629000000.0,13034000000.0,3083000000.0,10546000000.0,0.786,33.26,-443000000.0,32000000.0,32000000.0,0.0,269000000.0,1.694,2.527,6319000000.0,10000000.0,6309000000.0,6319000000.0,0.0,460000000.0,0.0,0.0,0.0,1005000000.0,1465000000.0,0.143,1465000000.0,1005000000.0,533000000.0,2.267,2.293,2.267,3864000000.0,3702000000.0,3864000000.0,15167728748.0,15.0,10.353,245000000.0,2.109,1.0,10251000000.0,1.0,3557000000.0,472000000.0,14539000000.0,13826000000.0,237000000.0,706000000.0,139000000.0,567000000.0,9765000000.0,1820000000.0,7945000000.0,9152728748.0,18000000.0,-744000000.0,65000000.0,541000000.0,0.0,598000000.0,-1268000000.0,0.0,688000000.0,0.0,269000000.0,269000000.0,269000000.0,0.0,0.0,0.026,9103000000.0,1148000000.0,554000000.0,0.0,2.369,34.025,34.771,6422000000.0,0.0,78.827,0.893,0.893,2044000000.0,,10251000000.0,10251000000.0,0.0,0.021,0.073,0.073,0.098,0.0,4136000000.0,1.0,116112087.0,116176125,117725625.0,88.237,10072000000.0,233000000.0,264000000.0,435000000.0,86.696,1263000000.0
91,THC,MRT,1998-09-30,1998-08-31,1998-08-31,2021-09-08,0.0,13018000000.0,12672500000.0,2986000000.0,10032000000.0,0.798,31.829,-406000000.0,21000000.0,21000000.0,0.0,282000000.0,1.812,2.525,6036000000.0,11000000.0,6025000000.0,6036000000.0,0.0,460000000.0,0.0,0.0,0.0,1030000000.0,1490000000.0,0.147,1490000000.0,1030000000.0,559000000.0,2.373,2.4,2.373,3693000000.0,3601000000.0,3693000000.0,13744803584.0,13.0,9.225,37000000.0,0.319,1.0,10117000000.0,1.0,3412000000.0,471000000.0,13973000000.0,13379500000.0,218000000.0,652000000.0,135000000.0,517000000.0,9325000000.0,1648000000.0,7677000000.0,7928803584.0,-82000000.0,-637000000.0,97000000.0,500000000.0,0.0,561000000.0,-1086000000.0,0.0,443000000.0,0.0,282000000.0,282000000.0,282000000.0,0.0,0.0,0.028,8956000000.0,1161000000.0,525000000.0,0.0,2.147,28.116,28.802,6103000000.0,0.0,68.347,0.784,0.784,1885000000.0,,10117000000.0,10117000000.0,0.0,0.022,0.078,0.077,0.102,0.0,4104000000.0,1.0,116008636.0,116026125,117624375.0,87.196,9606000000.0,277000000.0,277000000.0,426000000.0,82.792,1338000000.0
92,THC,MRT,1998-06-30,1998-05-31,1998-05-31,2021-09-08,50000000.0,12774000000.0,12392500000.0,2890000000.0,9884000000.0,0.798,30.981,-364000000.0,23000000.0,23000000.0,0.0,261000000.0,1.692,2.59,5839000000.0,10000000.0,5829000000.0,5839000000.0,0.0,460000000.0,0.0,0.0,0.0,994000000.0,1454000000.0,0.147,1454000000.0,994000000.0,530000000.0,2.267,2.24,2.267,3558000000.0,3523000000.0,3558000000.0,16539875930.0,17.0,11.375,39000000.0,0.34,1.0,9895000000.0,1.0,3399000000.0,464000000.0,13483000000.0,12964500000.0,214000000.0,630000000.0,132000000.0,498000000.0,9216000000.0,1708000000.0,7508000000.0,10788875930.0,-12000000.0,-679000000.0,97000000.0,587000000.0,0.0,668000000.0,-1083000000.0,0.0,403000000.0,0.0,261000000.0,261000000.0,261000000.0,0.0,0.0,0.026,8767000000.0,1128000000.0,657000000.0,0.0,3.032,41.337,41.17,5987000000.0,0.0,93.333,1.09,1.083,1742000000.0,1080000000.0,9895000000.0,9895000000.0,0.0,0.021,0.074,0.077,0.1,0.0,4052000000.0,1.0,115595099.0,114845625,117042375.0,86.159,9375000000.0,275000000.0,269000000.0,423000000.0,81.631,1182000000.0
93,THC,MRT,1998-03-31,1998-02-28,1998-02-28,2021-09-08,0.0,12715000000.0,12100500000.0,2721000000.0,9994000000.0,0.8,32.119,-354000000.0,17000000.0,17000000.0,0.0,72000000.0,1.659,2.443,5768000000.0,13000000.0,5755000000.0,5768000000.0,0.0,443000000.0,0.0,0.0,0.0,751000000.0,1194000000.0,0.123,1194000000.0,751000000.0,298000000.0,0.533,0.533,0.533,3693000000.0,3439500000.0,3693000000.0,16946119295.0,23.0,14.193,-68000000.0,-0.591,1.0,9676000000.0,1.0,3517000000.0,453000000.0,13309000000.0,12531750000.0,211000000.0,774000000.0,132000000.0,642000000.0,9022000000.0,1640000000.0,7382000000.0,11424119295.0,-44000000.0,-789000000.0,71000000.0,832000000.0,0.0,902000000.0,-1232000000.0,-45000000.0,286000000.0,0.0,72000000.0,72000000.0,72000000.0,134000000.0,0.0,0.007,8492000000.0,1184000000.0,536000000.0,0.0,3.093,158.668,186.667,5835000000.0,0.0,99.493,1.181,1.182,1725000000.0,,9676000000.0,9676000000.0,0.0,0.006,0.021,0.06,0.078,0.0,4007000000.0,1.0,114822963.0,114977625,117306000.0,84.156,9198000000.0,158000000.0,226000000.0,334000000.0,79.998,1081000000.0
94,THC,MRT,1997-12-31,1997-11-30,1997-11-30,2021-09-08,0.0,12183000000.0,11818450000.0,2623000000.0,9560000000.0,0.791,29.675,-394000000.0,14000000.0,14000000.0,0.0,-189000000.0,1.605,2.521,5536000000.0,16000000.0,5520000000.0,5536000000.0,0.0,443000000.0,0.0,0.0,0.0,378000000.0,821000000.0,0.088,821000000.0,378000000.0,-67000000.0,-1.733,-1.707,-1.733,3460000000.0,3384950000.0,3460000000.0,14885169304.0,39.0,18.131,-44000000.0,-0.377,1.0,9349000000.0,1.0,3318000000.0,445000000.0,12753000000.0,12108500000.0,204000000.0,690000000.0,125000000.0,565000000.0,8723000000.0,1634000000.0,7089000000.0,9673169304.0,-53000000.0,-710000000.0,103000000.0,705000000.0,0.0,769000000.0,-1172000000.0,-69000000.0,350000000.0,0.0,-189000000.0,-189000000.0,-189000000.0,134000000.0,0.0,-0.02,8491000000.0,858000000.0,476000000.0,0.0,2.796,-51.181,-48.763,5677000000.0,0.0,84.507,1.035,1.054,1559000000.0,,9349000000.0,9349000000.0,0.0,-0.016,-0.056,0.031,0.04,0.0,3878000000.0,1.0,114466346.0,116595000,116595000.0,80.184,8865000000.0,213000000.0,122000000.0,309000000.0,76.032,989000000.0
95,THC,MRT,1997-09-30,1997-08-31,1997-08-31,2021-09-08,0.0,11898000000.0,10915825000.0,2418000000.0,9480000000.0,0.827,29.631,-379000000.0,103000000.0,103000000.0,0.0,-224000000.0,1.478,2.519,5315000000.0,22000000.0,5293000000.0,5315000000.0,0.0,,0.0,0.0,0.0,307000000.0,,,,307000000.0,-122000000.0,-2.0,-1.973,-2.0,3381000000.0,3231500000.0,3381000000.0,13318979428.0,43.0,,,,1.0,9031000000.0,1.0,3161000000.0,429000000.0,12313000000.0,10984000000.0,199000000.0,781000000.0,119000000.0,662000000.0,8517000000.0,1636000000.0,6881000000.0,8303979428.0,-19000000.0,-618000000.0,71000000.0,668000000.0,0.0,732000000.0,-1069000000.0,-68000000.0,,0.0,-224000000.0,-224000000.0,-224000000.0,134000000.0,0.0,-0.025,8226000000.0,805000000.0,514000000.0,0.0,2.456,-37.071,-36.333,5657000000.0,0.0,72.667,0.919,0.918,1347000000.0,,9031000000.0,9031000000.0,0.0,-0.021,-0.069,0.028,0.034,,3744000000.0,1.0,114274946.0,114103125,116129625.0,79.148,8737000000.0,245000000.0,102000000.0,325000000.0,76.571,782000000.0
96,THC,MRT,1997-06-30,1997-05-31,1997-05-31,2021-09-08,110000000.0,11606000000.0,11187000000.0,2391000000.0,9215000000.0,0.777,28.286,-356000000.0,35000000.0,35000000.0,0.0,-244000000.0,1.351,2.6,5050000000.0,28000000.0,5022000000.0,5050000000.0,0.0,443000000.0,0.0,0.0,0.0,262000000.0,705000000.0,0.081,705000000.0,262000000.0,-155000000.0,-2.16,-2.16,-2.16,3224000000.0,3250500000.0,3224000000.0,13135457457.0,50.0,18.632,48000000.0,0.421,1.0,8691000000.0,1.0,3099000000.0,417000000.0,11752000000.0,11128500000.0,193000000.0,773000000.0,116000000.0,657000000.0,8382000000.0,1770000000.0,6612000000.0,8290657457.0,-68000000.0,-787000000.0,71000000.0,605000000.0,0.0,653000000.0,-1125000000.0,0.0,404000000.0,0.0,-244000000.0,-244000000.0,-244000000.0,134000000.0,0.0,-0.028,8230000000.0,461000000.0,540000000.0,0.0,2.572,-33.978,-33.951,5459000000.0,0.0,73.333,0.954,0.962,1346000000.0,819000000.0,8691000000.0,8691000000.0,0.0,-0.022,-0.075,0.024,0.03,0.0,3595000000.0,1.0,113054420.0,113980125,113980125.0,76.25,8507000000.0,294000000.0,89000000.0,308000000.0,74.636,621000000.0
97,THC,MRT,1997-03-31,1997-02-28,1997-02-28,2021-09-08,0.0,11586800000.0,,2376400000.0,9210400000.0,,30.436,-257500000.0,61300000.0,61300000.0,0.0,84900000.0,1.527,2.335,4906100000.0,50600000.0,4855500000.0,4906100000.0,0.0,,0.0,0.0,0.0,684700000.0,,,,684700000.0,273700000.0,0.667,0.693,0.667,3474800000.0,,3474800000.0,9290096951.0,14.0,,,,1.0,8441800000.0,1.0,3259500000.0,411000000.0,11616000000.0,,185900000.0,779400000.0,111800000.0,667600000.0,8112000000.0,1556100000.0,6555900000.0,5969996951.0,-54300000.0,-939200000.0,29400000.0,654500000.0,0.0,711500000.0,-1193000000.0,57700000.0,,0.0,84900000.0,84900000.0,84900000.0,25000000.0,0.0,0.01,7685700000.0,756100000.0,416800000.0,0.0,1.718,70.318,108.466,5283300000.0,0.0,72.347,0.707,0.978,1348300000.0,,8441800000.0,8441800000.0,0.0,,,,0.081,,3482000000.0,1.0,82519309.0,114166125,114166125.0,73.943,8327300000.0,331700000.0,188800000.0,477200000.0,72.94,820300000.0
98,THC,MRT,1996-12-31,1996-11-30,1996-11-30,2021-09-08,0.0,8572500000.0,,1635800000.0,6936700000.0,,25.09,-283300000.0,56800000.0,56800000.0,0.0,296000000.0,1.731,2.012,3376900000.0,44400000.0,3332500000.0,3376900000.0,0.0,,0.0,0.0,0.0,972900000.0,,,,972900000.0,560700000.0,2.533,2.56,2.533,2846200000.0,,2846200000.0,,,,,,1.0,8177500000.0,1.0,2692700000.0,412200000.0,8255000000.0,,134700000.0,609000000.0,103100000.0,505900000.0,5726300000.0,944900000.0,4781400000.0,4648587747.0,-32800000.0,-931700000.0,377700000.0,354700000.0,0.0,743400000.0,-1180100000.0,69000000.0,,0.0,296000000.0,296000000.0,296000000.0,25000000.0,0.0,0.036,7186300000.0,991200000.0,266700000.0,0.0,1.633,15.705,22.24,3738100000.0,0.0,56.333,0.568,0.781,1006300000.0,,8177500000.0,8177500000.0,0.0,,,,0.119,,3374600000.0,1.0,82519309.0,113438250,113438250.0,72.088,5879800000.0,253600000.0,264700000.0,440500000.0,51.833,690900000.0
99,THC,MRT,1996-09-30,1996-08-31,1996-08-31,2021-09-08,,,,,,,,,,,0.0,375800000.0,,,,,,,,,,0.0,0.0,1084100000.0,,,,1084100000.0,692600000.0,4.027,3.92,4.027,,,,,,,,,1.0,7437400000.0,1.0,,391500000.0,,,,,,,,,,,,,,,,,,,,,375800000.0,375800000.0,375800000.0,25000000.0,0.0,0.051,6531900000.0,905500000.0,,0.0,,,12.499,,0.0,50.333,,0.764,,,7437400000.0,7437400000.0,0.0,,,,0.146,,3046300000.0,1.0,,112880625,112880625.0,65.887,,,316800000.0,,,
100,THC,MRT,1996-06-30,1996-05-31,1996-05-31,2021-09-08,28000000.0,10768000000.0,,2040000000.0,8728000000.0,,31.025,79000000.0,107000000.0,107000000.0,0.0,434000000.0,1.324,2.286,4541000000.0,120000000.0,4421000000.0,4541000000.0,0.0,419000000.0,0.0,0.0,0.0,1232000000.0,1651000000.0,0.214,1651000000.0,1232000000.0,807000000.0,4.107,3.973,4.107,3277000000.0,,3277000000.0,,,,428000000.0,4.052,1.0,7706000000.0,1.0,3156000000.0,425000000.0,10505000000.0,,170000000.0,700000000.0,112000000.0,588000000.0,7491000000.0,1541000000.0,5950000000.0,,-53000000.0,-841000000.0,432000000.0,-29000000.0,0.0,398000000.0,-800000000.0,0.0,349000000.0,0.0,434000000.0,434000000.0,434000000.0,25000000.0,0.0,0.056,6794000000.0,912000000.0,530000000.0,0.0,,,13.96,4984000000.0,0.0,57.333,,0.786,1040000000.0,1096000000.0,7706000000.0,7706000000.0,0.0,,,,0.16,0.0,3139000000.0,1.0,,105624000,110548500.0,72.957,7612000000.0,312000000.0,373000000.0,432000000.0,72.067,499000000.0
101,THC,MRT,1996-03-31,1996-02-28,1996-02-28,2021-09-08,,,,,,,,,,,,,,,,,,,,,,0.0,0.0,,,,,,,,,,,,,,,,,,1.0,,,,,,,,,,,,,,,,,,,,,,,,,,,,,,,,,,,,,,,,58.64,,,,,,,,,,,,,,1.0,,112231500,,,,,,,,
102,THC,MRT,1995-12-31,1995-11-30,1995-11-30,2021-09-08,,,,,,,,,,,,,,,,,,,,,,0.0,0.0,,,,,,,,,,,,,,,,,,1.0,,,,,,,,,,,,,,,,,,,,,,,,,,,,,,,,,,,,,,,,47.653,,,,,,,,,,,,,,1.0,,81068625,,,,,,,,
103,THC,MRT,1995-06-30,1995-05-31,1995-05-31,2021-09-08,,,,,,,,-145000000.0,,,0.0,236000000.0,,,,,,,,276000000.0,,0.0,0.0,638000000.0,914000000.0,0.177,914000000.0,638000000.0,387000000.0,2.613,2.56,2.613,,,,,,,-19000000.0,-0.213,1.0,5161000000.0,1.0,,251000000.0,,,,,,,,,,,-171000000.0,-1489000000.0,11000000.0,1312000000.0,0.0,1326000000.0,-1623000000.0,0.0,126000000.0,0.0,236000000.0,234000000.0,234000000.0,10000000.0,0.0,0.045,4589000000.0,572000000.0,,0.0,,,16.961,,2000000.0,44.32,,0.766,,,5161000000.0,5161000000.0,0.0,,,,0.124,0.0,2170000000.0,1.0,,89236500,95289375.0,57.835,,,151000000.0,,,
