None,ticker,dimension,calendardate,datekey,reportperiod,lastupdated,accoci,assets,assetsavg,assetsc,assetsnc,assetturnover,bvps,capex,cashneq,cashnequsd,cor,consolinc,currentratio,de,debt,debtc,debtnc,debtusd,deferredrev,depamor,deposits,divyield,dps,ebit,ebitda,ebitdamargin,ebitdausd,ebitusd,ebt,eps,epsdil,epsusd,equity,equityavg,equityusd,ev,evebit,evebitda,fcf,fcfps,fxusd,gp,grossmargin,intangibles,intexp,invcap,invcapavg,inventory,investments,investmentsc,investmentsnc,liabilities,liabilitiesc,liabilitiesnc,marketcap,ncf,ncfbus,ncfcommon,ncfdebt,ncfdiv,ncff,ncfi,ncfinv,ncfo,ncfx,netinc,netinccmn,netinccmnusd,netincdis,netincnci,netmargin,opex,opinc,payables,payoutratio,pb,pe,pe1,ppnenet,prefdivis,price,ps,ps1,receivables,retearn,revenue,revenueusd,rnd,roa,roe,roic,ros,sbcomp,sgna,sharefactor,sharesbas,shareswa,shareswadil,sps,tangibles,taxassets,taxexp,taxliabilities,tbvps,workingcapital
0,UAA,MRY,2020-12-31,2020-12-31,2020-12-31,2021-08-05,-59185000.0,5030628000.0,4933773750.0,3222975000.0,1807653000.0,0.907,3.691,-92291000.0,1517361000.0,1517361000.0,2314572000.0,-549177000.0,2.28,2.002,2005531000.0,162561000.0,1842970000.0,2005531000.0,0.0,164984000.0,0.0,0.0,0.0,-452531000.0,-287547000.0,-0.064,-287547000.0,-452531000.0,-499790000.0,-1.21,-1.21,-1.21,1675993000.0,1529983250.0,1675993000.0,8968065586.0,-20.0,-31.188,120573000.0,0.266,1.0,2160095000.0,0.483,515509000.0,47259000.0,3590013000.0,3897896000.0,895974000.0,0.0,0.0,0.0,3354635000.0,1413276000.0,1941359000.0,7806651586.0,732507000.0,158636000.0,4744000.0,483534000.0,0.0,436853000.0,66345000.0,0.0,212864000.0,16445000.0,-549177000.0,-549177000.0,-549177000.0,0.0,0.0,-0.123,2773533000.0,-613438000.0,575954000.0,0.0,4.658,-14.215,-14.19,1195338000.0,0.0,17.17,1.745,1.742,527340000.0,673855000.0,4474667000.0,4474667000.0,0.0,-0.111,-0.359,-0.116,-0.101,42070000.0,2171934000.0,1.0,454668118.0,454089000,454089000.0,9.854,4515119000.0,23930000.0,49387000.0,0.0,9.943,1809699000.0
1,UAA,MRY,2019-12-31,2019-12-31,2019-12-31,2021-08-05,-50765000.0,4843531000.0,4648319000.0,2702209000.0,2141322000.0,1.133,4.768,-145802000.0,788072000.0,788072000.0,2796599000.0,92139000.0,1.9,1.253,1299222000.0,125900000.0,1173322000.0,1299222000.0,0.0,186425000.0,0.0,0.0,0.0,183403000.0,369828000.0,0.07,369828000.0,183403000.0,162163000.0,0.2,0.2,0.2,2150087000.0,2100458500.0,2150087000.0,10637139733.0,58.0,28.762,363229000.0,0.805,1.0,2470533000.0,0.469,586523000.0,21240000.0,3346149000.0,3613322000.0,892258000.0,0.0,0.0,0.0,2693444000.0,1422009000.0,1271435000.0,9753811733.0,229948000.0,0.0,7472000.0,-140370000.0,0.0,-137070000.0,-147113000.0,0.0,509031000.0,5100000.0,92139000.0,92139000.0,92139000.0,0.0,0.0,0.017,2233763000.0,236770000.0,618194000.0,0.0,4.536,105.86,108.0,1384079000.0,0.0,21.6,1.852,1.849,708714000.0,1226986000.0,5267132000.0,5267132000.0,0.0,0.02,0.044,0.051,0.035,49618000.0,2233763000.0,1.0,451565358.0,450964000,454274000.0,11.68,4257008000.0,82379000.0,70024000.0,0.0,9.44,1280200000.0
2,UAA,MRY,2018-12-31,2018-12-31,2018-12-31,2021-08-05,-38987000.0,4245022000.0,4244415500.0,2593628000.0,1651394000.0,1.224,4.524,-159100000.0,557403000.0,557403000.0,2852714000.0,-46302000.0,1.971,1.105,728834000.0,25000000.0,703834000.0,728834000.0,0.0,181768000.0,0.0,0.0,0.0,-33286000.0,148482000.0,0.029,148482000.0,-33286000.0,-66854000.0,-0.1,-0.1,-0.1,2016871000.0,1991109000.0,2016871000.0,8557407235.0,-257.0,57.633,469130000.0,1.052,1.0,2340471000.0,0.451,588287000.0,33568000.0,2512189000.0,2835196750.0,1019496000.0,0.0,0.0,0.0,2228151000.0,1315977000.0,912174000.0,7922634235.0,247925000.0,0.0,2580000.0,-190011000.0,0.0,-189868000.0,-202904000.0,-39207000.0,628230000.0,12467000.0,-46302000.0,-46302000.0,-46302000.0,0.0,0.0,-0.009,2365488000.0,-25017000.0,560884000.0,0.0,3.928,-171.108,-176.7,826868000.0,0.0,17.67,1.526,1.517,652546000.0,1139082000.0,5193185000.0,5193185000.0,0.0,-0.011,-0.023,-0.012,-0.006,41783000.0,2182339000.0,1.0,448366397.0,445815000,445815000.0,11.649,3656735000.0,112420000.0,-20552000.0,0.0,8.202,1277651000.0
3,UAA,MRY,2017-12-31,2017-12-31,2017-12-31,2021-08-05,-38211000.0,4006367000.0,3902034000.0,2337679000.0,1668688000.0,1.279,4.58,-281339000.0,312483000.0,312483000.0,2737830000.0,-48260000.0,2.205,0.985,917046000.0,152000000.0,765046000.0,917046000.0,0.0,173747000.0,0.0,0.0,0.0,24229000.0,197976000.0,0.04,197976000.0,24229000.0,-10309000.0,-0.11,-0.11,-0.11,2018642000.0,2040785500.0,2018642000.0,7184080062.0,297.0,36.288,-43879000.0,-0.1,1.0,2251414000.0,0.451,602669000.0,34538000.0,2947886000.0,3072961000.0,1158548000.0,0.0,0.0,0.0,1987725000.0,1060375000.0,927350000.0,6373700062.0,65410000.0,0.0,11540000.0,98000000.0,0.0,106759000.0,-282987000.0,0.0,237460000.0,4178000.0,-48260000.0,-48260000.0,-48260000.0,0.0,0.0,-0.01,2223571000.0,27843000.0,561108000.0,0.0,3.157,-132.07,-131.182,885774000.0,0.0,14.43,1.277,1.275,609670000.0,1184441000.0,4989244000.0,4989244000.0,0.0,-0.012,-0.024,0.008,0.005,39857000.0,2099522000.0,1.0,441697856.0,440729000,440729000.0,11.32,3403698000.0,82801000.0,37951000.0,0.0,7.723,1277304000.0
4,UAA,MRY,2016-12-31,2016-12-31,2016-12-31,2021-08-05,-52143000.0,3644331000.0,3493679000.0,1965153000.0,1679178000.0,1.383,4.655,-386746000.0,250470000.0,250470000.0,2584724000.0,256979000.0,2.865,0.794,817388000.0,27000000.0,790388000.0,817388000.0,0.0,144770000.0,0.0,0.0,0.0,414716000.0,559486000.0,0.116,559486000.0,414716000.0,388282000.0,0.45,0.45,0.45,2030900000.0,1866679750.0,2030900000.0,13622148337.0,33.0,24.348,-20123000.0,-0.046,1.0,2248614000.0,0.465,627901000.0,26434000.0,2897532000.0,2915599500.0,917491000.0,0.0,0.0,0.0,1613431000.0,685816000.0,927615000.0,12728334337.0,122873000.0,0.0,15485000.0,150159000.0,-2927000.0,146114000.0,-381139000.0,6482000.0,366623000.0,-8725000.0,256979000.0,197979000.0,197979000.0,0.0,0.0,0.041,1831143000.0,417471000.0,409679000.0,0.0,6.267,64.291,64.556,804211000.0,59000000.0,29.05,2.633,2.622,622685000.0,1259414000.0,4833338000.0,4833338000.0,0.0,0.057,0.106,0.142,0.086,90932000.0,1831143000.0,1.0,438152645.0,436330000,444848000.0,11.077,3016430000.0,136862000.0,131303000.0,0.0,6.913,1279337000.0
5,UAA,MRY,2015-12-31,2015-12-31,2015-12-31,2021-08-05,-45013000.0,2865970000.0,2800445000.0,1498763000.0,1367207000.0,1.415,3.871,-298928000.0,129852000.0,129852000.0,2057766000.0,232573000.0,3.13,0.718,666070000.0,42000000.0,624070000.0,666070000.0,0.0,100940000.0,0.0,0.0,0.0,401313000.0,502253000.0,0.127,502253000.0,401313000.0,386685000.0,0.54,0.53,0.54,1668222000.0,1500895500.0,1668222000.0,18265538561.0,46.0,36.367,-284387000.0,-0.66,1.0,1905547000.0,0.481,660867000.0,14628000.0,2262511000.0,2108600500.0,783031000.0,0.0,0.0,0.0,1197748000.0,478810000.0,718938000.0,17520262561.0,-463323000.0,-539460000.0,10310000.0,383851000.0,0.0,381433000.0,-847475000.0,-6534000.0,14541000.0,-11822000.0,232573000.0,232573000.0,232573000.0,0.0,0.0,0.059,1497000000.0,408547000.0,200460000.0,0.0,10.502,75.332,74.639,538531000.0,0.0,40.305,4.421,4.383,433638000.0,1076533000.0,3963313000.0,3963313000.0,0.0,0.083,0.155,0.19,0.101,106293000.0,1497000000.0,1.0,434692037.0,430996000,441736000.0,9.196,2205103000.0,92157000.0,154112000.0,0.0,5.116,1019953000.0
6,UAA,MRY,2014-12-31,2014-12-31,2014-12-31,2021-08-05,-14808000.0,2095083000.0,1884038500.0,1549399000.0,545684000.0,1.637,3.166,-140528000.0,593175000.0,593175000.0,1572164000.0,208042000.0,3.675,0.552,284201000.0,28951000.0,255250000.0,284201000.0,0.0,72093000.0,0.0,0.0,0.0,347545000.0,419638000.0,0.136,419638000.0,347545000.0,342210000.0,0.49,0.47,0.49,1350300000.0,1213444250.0,1350300000.0,14555077557.0,42.0,34.685,78505000.0,0.184,1.0,1512206000.0,0.49,149486000.0,5335000.0,1214996000.0,1161717250.0,536714000.0,0.0,0.0,0.0,744783000.0,421627000.0,323156000.0,14612898557.0,245686000.0,-10924000.0,15776000.0,129565000.0,0.0,182306000.0,-152312000.0,0.0,219033000.0,-3341000.0,208042000.0,208042000.0,208042000.0,0.0,0.0,0.067,1158251000.0,353955000.0,210432000.0,0.0,10.822,70.24,69.286,305564000.0,0.0,33.95,4.738,4.694,279835000.0,856687000.0,3084370000.0,3084370000.0,0.0,0.11,0.171,0.299,0.113,50812000.0,1158251000.0,1.0,430424111.0,426454000,438760000.0,7.233,1945597000.0,86068000.0,134168000.0,0.0,4.562,1127772000.0
7,UAA,MRY,2013-12-31,2013-12-31,2013-12-31,2021-08-05,2194000.0,1577741000.0,1347651750.0,1128811000.0,448930000.0,1.73,2.482,-87830000.0,347489000.0,347489000.0,1195381000.0,162330000.0,2.646,0.498,152923000.0,104972000.0,47951000.0,152923000.0,0.0,50549000.0,0.0,0.0,0.0,263926000.0,314475000.0,0.135,314475000.0,263926000.0,260993000.0,0.382,0.372,0.382,1053354000.0,934993500.0,1053354000.0,9154986781.0,35.0,29.112,32240000.0,0.076,1.0,1136670000.0,0.487,146341000.0,2933000.0,810204000.0,818171500.0,469006000.0,0.0,0.0,0.0,524387000.0,426630000.0,97757000.0,9287181781.0,5648000.0,-148097000.0,15103000.0,94529000.0,0.0,126795000.0,-238102000.0,-1700000.0,120070000.0,-3115000.0,162330000.0,162330000.0,162330000.0,0.0,0.0,0.07,871572000.0,265098000.0,165456000.0,0.0,8.817,57.212,57.134,223952000.0,0.0,21.825,3.982,3.972,209952000.0,653842000.0,2332051000.0,2332051000.0,0.0,0.12,0.174,0.323,0.113,43184000.0,871572000.0,1.0,425529520.0,424379669,434978284.0,5.495,1431400000.0,69471000.0,98663000.0,0.0,3.373,702181000.0
8,UAA,MRY,2012-12-31,2012-12-31,2012-12-31,2021-08-05,2368000.0,1157083000.0,1040162000.0,903598000.0,253485000.0,1.764,1.944,-50650000.0,341841000.0,341841000.0,955624000.0,128778000.0,3.582,0.416,61889000.0,9132000.0,52757000.0,61889000.0,0.0,43082000.0,0.0,0.0,0.0,208622000.0,251704000.0,0.137,251704000.0,208622000.0,203439000.0,0.308,0.303,0.308,816922000.0,734630750.0,816922000.0,5029991582.0,24.0,19.984,149111000.0,0.355,1.0,879297000.0,0.479,4483000.0,5183000.0,620420000.0,684025250.0,319286000.0,0.0,0.0,0.0,340161000.0,252228000.0,87933000.0,5114804582.0,166457000.0,0.0,14776000.0,-20347000.0,0.0,12297000.0,-46931000.0,0.0,199761000.0,1330000.0,128778000.0,128778000.0,128778000.0,0.0,0.0,0.07,670602000.0,208695000.0,143689000.0,0.0,6.261,39.718,39.391,180850000.0,0.0,12.133,2.787,2.779,175524000.0,493181000.0,1834921000.0,1834921000.0,0.0,0.124,0.175,0.305,0.114,19845000.0,670602000.0,1.0,421578783.0,420331167,428536937.0,4.365,1152600000.0,45657000.0,74661000.0,0.0,2.742,651370000.0
9,UAA,MRY,2011-12-31,2011-12-31,2011-12-31,2021-08-05,2028000.0,919210000.0,819311750.0,689663000.0,229547000.0,1.797,1.532,-56228000.0,175384000.0,175384000.0,759848000.0,96919000.0,3.756,0.444,77724000.0,6882000.0,70842000.0,77724000.0,0.0,36301000.0,0.0,0.0,0.0,160703000.0,197004000.0,0.134,197004000.0,160703000.0,156862000.0,0.233,0.228,0.233,636432000.0,573034500.0,636432000.0,3780478585.0,24.0,19.19,-41010000.0,-0.099,1.0,712836000.0,0.484,5535000.0,3841000.0,632408000.0,580938750.0,324409000.0,0.0,0.0,0.0,282778000.0,183607000.0,99171000.0,3738821585.0,-28486000.0,-23164000.0,14645000.0,20902000.0,0.0,45807000.0,-89436000.0,-3862000.0,15218000.0,-75000.0,96919000.0,96919000.0,96919000.0,0.0,0.0,0.066,550069000.0,162767000.0,100527000.0,0.0,5.875,38.577,38.514,159135000.0,0.0,8.974,2.539,2.532,134043000.0,366164000.0,1472684000.0,1472684000.0,0.0,0.118,0.169,0.277,0.109,18063000.0,550069000.0,1.0,416639820.0,415485050,423187275.0,3.544,913675000.0,32069000.0,59943000.0,0.0,2.199,506056000.0
10,UAA,MRY,2010-12-31,2010-12-31,2010-12-31,2021-08-05,2041000.0,675378000.0,609397750.0,555850000.0,119528000.0,1.746,1.214,-30182000.0,203870000.0,203870000.0,533420000.0,68477000.0,3.727,0.359,15942000.0,6865000.0,9077000.0,15942000.0,0.0,31321000.0,0.0,0.0,0.0,111177000.0,142498000.0,0.134,142498000.0,111177000.0,108919000.0,0.166,0.166,0.166,496966000.0,448579750.0,496966000.0,2701084123.0,24.0,18.955,19932000.0,0.049,1.0,530507000.0,0.499,3914000.0,2258000.0,334389000.0,322964250.0,215355000.0,0.0,0.0,0.0,178412000.0,149147000.0,29265000.0,2816477123.0,16573000.0,0.0,7335000.0,-4281000.0,0.0,7243000.0,-41785000.0,-11125000.0,50114000.0,1001000.0,68477000.0,68477000.0,68477000.0,0.0,0.0,0.064,418152000.0,112355000.0,84679000.0,0.0,5.667,41.13,41.295,76127000.0,0.0,6.855,2.647,2.637,102034000.0,270021000.0,1063927000.0,1063927000.0,0.0,0.112,0.153,0.344,0.104,16227000.0,418152000.0,1.0,410864642.0,409261234,413160687.0,2.6,671464000.0,36540000.0,40442000.0,0.0,1.641,406703000.0
11,UAA,MRY,2009-12-31,2009-12-31,2009-12-31,2021-08-05,464000.0,545588000.0,500419000.0,448000000.0,97588000.0,1.711,0.996,-19845000.0,187297000.0,187297000.0,446286000.0,46785000.0,3.728,0.364,20223000.0,9275000.0,10948000.0,20223000.0,0.0,28249000.0,0.0,0.0,0.0,84762000.0,113011000.0,0.132,113011000.0,84762000.0,82418000.0,0.117,0.114,0.117,399997000.0,365984250.0,399997000.0,1302680794.0,15.0,11.527,99196000.0,0.247,1.0,410125000.0,0.479,5681000.0,2344000.0,252671000.0,297164500.0,148488000.0,0.0,0.0,0.0,145591000.0,120162000.0,25429000.0,1377779794.0,85255000.0,0.0,5128000.0,-26722000.0,0.0,-16467000.0,-19880000.0,0.0,119041000.0,2561000.0,46785000.0,46785000.0,46785000.0,0.0,0.0,0.055,324852000.0,85273000.0,68710000.0,0.0,3.444,29.449,29.135,72926000.0,0.0,3.409,1.609,1.599,79356000.0,202188000.0,856411000.0,856411000.0,0.0,0.093,0.128,0.285,0.099,12910000.0,324852000.0,1.0,404189158.0,401611379,408072868.0,2.132,539907000.0,26778000.0,35633000.0,0.0,1.344,327838000.0
12,UAA,MRY,2008-12-31,2008-12-31,2008-12-31,2021-08-05,405000.0,487555000.0,442105750.0,396423000.0,91132000.0,1.64,0.837,-38573000.0,102042000.0,102042000.0,372203000.0,38229000.0,2.978,0.473,45591000.0,32433000.0,13158000.0,45591000.0,0.0,21347000.0,0.0,0.0,0.0,70750000.0,92097000.0,0.127,92097000.0,70750000.0,69900000.0,0.097,0.094,0.097,331097000.0,306882000.0,331097000.0,1180846379.0,17.0,12.822,30943000.0,0.078,1.0,353041000.0,0.487,5470000.0,850000.0,292524000.0,314949750.0,182232000.0,0.0,0.0,0.0,156458000.0,133110000.0,23348000.0,1183434379.0,61454000.0,0.0,1990000.0,31260000.0,0.0,35381000.0,-42066000.0,0.0,69516000.0,-1377000.0,38229000.0,38229000.0,38229000.0,0.0,0.0,0.053,276116000.0,76925000.0,72435000.0,0.0,3.574,30.956,30.722,73548000.0,0.0,2.98,1.632,1.625,81302000.0,156011000.0,725244000.0,725244000.0,0.0,0.086,0.125,0.225,0.098,8466000.0,276116000.0,1.0,397125631.0,395472158,405591398.0,1.834,482085000.0,21511000.0,31671000.0,0.0,1.219,263313000.0
13,UAA,MRY,2007-12-31,2007-12-31,2007-12-31,2021-08-05,507000.0,390613000.0,345515750.0,322245000.0,68368000.0,1.756,0.72,-33959000.0,40588000.0,40588000.0,301517000.0,52558000.0,3.367,0.393,14332000.0,4576000.0,9756000.0,14332000.0,0.0,14622000.0,0.0,0.0,0.0,88294000.0,102916000.0,0.17,102916000.0,88294000.0,89043000.0,0.135,0.13,0.135,280485000.0,250789500.0,280485000.0,2137523224.0,24.0,20.77,-48587000.0,-0.125,1.0,305044000.0,0.503,6470000.0,-749000.0,262188000.0,227041000.0,166082000.0,0.0,0.0,0.0,110128000.0,95699000.0,14429000.0,2137381224.0,-30067000.0,0.0,3182000.0,8074000.0,0.0,18148000.0,-34084000.0,0.0,-14628000.0,497000.0,52558000.0,52558000.0,52558000.0,0.0,0.0,0.087,216750000.0,88294000.0,55012000.0,0.0,7.62,40.667,40.435,52332000.0,0.0,5.459,3.524,3.505,93515000.0,117782000.0,606561000.0,606561000.0,0.0,0.152,0.21,0.389,0.146,4182000.0,218779000.0,1.0,391551403.0,389502128,403971998.0,1.557,384143000.0,18591000.0,36485000.0,0.0,0.986,226546000.0
14,UAA,MRY,2006-12-31,2006-12-31,2006-12-31,2021-08-05,-103000.0,289368000.0,248662750.0,244952000.0,44416000.0,1.732,0.566,-15115000.0,70655000.0,70655000.0,215089000.0,38979000.0,3.423,0.35,6257000.0,3442000.0,2815000.0,6257000.0,0.0,9824000.0,0.0,0.0,0.0,57630000.0,67454000.0,0.157,67454000.0,57630000.0,59087000.0,0.103,0.098,0.103,214388000.0,184795750.0,214388000.0,2383336982.0,41.0,35.333,-4414000.0,-0.012,1.0,215600000.0,0.501,7875000.0,-1457000.0,145532000.0,138791250.0,81031000.0,0.0,0.0,0.0,74980000.0,71563000.0,3417000.0,2420374982.0,7678000.0,0.0,3544000.0,-2394000.0,0.0,12579000.0,-15115000.0,0.0,10701000.0,-487000.0,38979000.0,38979000.0,38979000.0,0.0,0.0,0.091,157970000.0,57630000.0,42718000.0,0.0,11.29,62.094,61.226,29923000.0,0.0,6.306,5.62,5.543,71867000.0,66376000.0,430689000.0,430689000.0,0.0,0.157,0.211,0.415,0.134,1982000.0,158682000.0,1.0,383805745.0,378528876,399508575.0,1.138,281493000.0,17635000.0,20108000.0,0.0,0.744,173389000.0
15,UAA,MRY,2005-12-31,2005-12-31,2005-12-31,2021-08-05,-3000.0,203687000.0,157332000.0,181790000.0,21897000.0,1.786,0.503,-10833000.0,62977000.0,62977000.0,145203000.0,19719000.0,3.813,0.35,8391000.0,3808000.0,4583000.0,8391000.0,0.0,6546000.0,0.0,0.0,0.0,32974000.0,39520000.0,0.141,39520000.0,32974000.0,32974000.0,0.048,0.045,0.048,150830000.0,86033500.0,150830000.0,1845388484.0,56.0,46.695,4962000.0,0.017,1.0,135850000.0,0.483,0.0,0.0,101429000.0,88340500.0,53607000.0,0.0,0.0,0.0,52857000.0,47672000.0,5185000.0,1789170484.0,61892000.0,0.0,113666000.0,-39906000.0,-5000000.0,56989000.0,-10833000.0,0.0,15795000.0,-59000.0,19719000.0,14412000.0,14412000.0,0.0,0.0,0.051,102876000.0,32974000.0,31699000.0,0.0,11.862,124.144,99.766,20865000.0,5307000.0,4.789,6.366,5.107,53132000.0,28067000.0,281053000.0,281053000.0,0.0,0.092,0.168,0.373,0.117,1177000.0,100040000.0,1.0,373619521.0,299701927,319738990.0,0.938,203687000.0,6822000.0,13255000.0,1046000.0,0.68,134118000.0
16,UAA,MRY,2004-12-31,2004-12-31,2004-12-31,2021-08-05,-45000.0,110977000.0,82851000.0,96463000.0,14514000.0,2.477,0.075,-8683000.0,1085000.0,1085000.0,109748000.0,16322000.0,1.209,3.911,45133000.0,42345000.0,2788000.0,45133000.0,0.0,3174000.0,0.0,,0.0,24096000.0,27270000.0,0.133,27270000.0,24096000.0,24096000.0,0.051,0.048,0.051,21237000.0,16551000.0,21237000.0,,,,-17534000.0,-0.062,1.0,95433000.0,0.465,0.0,0.0,75252000.0,57383500.0,48055000.0,0.0,0.0,0.0,83048000.0,79773000.0,3275000.0,,418000.0,0.0,78000.0,17909000.0,0.0,18004000.0,-8683000.0,0.0,-8851000.0,-52000.0,16322000.0,14328000.0,14328000.0,0.0,0.0,0.07,71337000.0,24096000.0,20620000.0,0.0,,,,14211000.0,1994000.0,,,,38506000.0,13655000.0,205181000.0,205181000.0,0.0,0.173,0.866,0.42,0.117,0.0,70053000.0,1.0,,282984233,296277821.0,0.725,110977000.0,6447000.0,7774000.0,2571000.0,0.392,16690000.0
17,UAA,MRY,2003-12-31,2003-12-31,2003-12-31,2021-08-05,0.0,54725000.0,,50383000.0,4342000.0,,0.046,-2285000.0,667000.0,667000.0,64757000.0,5748000.0,1.378,3.216,22018000.0,20417000.0,1601000.0,22018000.0,0.0,1171000.0,0.0,,0.0,9953000.0,11124000.0,0.096,11124000.0,9953000.0,7739000.0,0.02,0.019,0.02,11865000.0,,11865000.0,,,,-11987000.0,-0.046,1.0,50662000.0,0.439,0.0,2214000.0,39515000.0,,21849000.0,0.0,0.0,0.0,38162000.0,36561000.0,1601000.0,,-127000.0,0.0,11634000.0,3866000.0,-3640000.0,11860000.0,-2285000.0,0.0,-9702000.0,0.0,5748000.0,5273000.0,5273000.0,0.0,0.0,0.046,40709000.0,9953000.0,10874000.0,0.0,,,,4128000.0,475000.0,,,,24716000.0,4327000.0,115419000.0,115419000.0,0.0,,,,0.086,0.0,40709000.0,1.0,,258669052,275104761.0,0.446,54725000.0,2817000.0,1991000.0,1050000.0,0.212,13822000.0
18,UAA,MRY,2002-12-31,2002-12-31,2002-12-31,2021-08-05,,,,,,,,-291000.0,,,26329000.0,2766000.0,,,,,,,,331000.0,,,0.0,4313000.0,4644000.0,0.094,4644000.0,4313000.0,3419000.0,0.011,0.01,0.011,,,,,,,-7891000.0,-0.031,1.0,23221000.0,0.469,,894000.0,,,,,,,,,,,497000.0,0.0,0.0,11229000.0,-2826000.0,8388000.0,-291000.0,0.0,-7600000.0,0.0,2766000.0,2766000.0,2766000.0,0.0,0.0,0.056,18908000.0,4313000.0,,0.0,,,,,0.0,,,,,,49550000.0,49550000.0,0.0,,,,0.087,0.0,18908000.0,1.0,,251369664,265605888.0,0.197,,,653000.0,,,
0,UAA,MRQ,2021-06-30,2021-06-30,2021-06-30,2021-08-05,-43603000.0,4871509000.0,,3143185000.0,1728324000.0,,4.018,-19183000.0,1349793000.0,1349793000.0,682713000.0,59207000.0,2.308,1.638,1707175000.0,145014000.0,1562161000.0,1707175000.0,0.0,35147000.0,0.0,0.0,0.0,82541000.0,117688000.0,0.087,117688000.0,82541000.0,69234000.0,0.13,0.13,0.13,1846710000.0,,1846710000.0,10288786082.0,22.0,16.665,233640000.0,0.508,1.0,668821000.0,0.495,511651000.0,13307000.0,3355278000.0,,881117000.0,0.0,0.0,0.0,3024799000.0,1361962000.0,1662837000.0,9665362082.0,2200000.0,0.0,89000.0,-300001000.0,0.0,-247121000.0,-19183000.0,0.0,252823000.0,15681000.0,59207000.0,59207000.0,59207000.0,0.0,0.0,0.044,547616000.0,121205000.0,613566000.0,0.0,5.234,26.822,26.438,1112130000.0,0.0,21.15,1.775,1.785,639176000.0,806140000.0,1351534000.0,1351534000.0,0.0,,,,,11533000.0,545003000.0,1.0,456991115.0,459604000,462286000.0,2.941,4359858000.0,25046000.0,10027000.0,0.0,9.486,1781223000.0
1,UAA,MRQ,2021-03-31,2021-03-31,2021-03-31,2021-08-05,-49584000.0,4914296000.0,,3157718000.0,1756578000.0,,3.882,-7904000.0,1348737000.0,1348737000.0,628554000.0,77752000.0,2.558,1.776,1972161000.0,160918000.0,1811243000.0,1972161000.0,0.0,35512000.0,0.0,0.0,0.0,101770000.0,137282000.0,0.109,137282000.0,101770000.0,87633000.0,0.17,0.17,0.17,1770199000.0,,1770199000.0,10572150397.0,50.0,29.097,-158492000.0,-0.348,1.0,628641000.0,0.5,510518000.0,14137000.0,3792885000.0,,851829000.0,0.0,0.0,0.0,3144097000.0,1234317000.0,1909780000.0,10083980397.0,-168835000.0,0.0,858000.0,0.0,0.0,-3443000.0,-7904000.0,0.0,-150588000.0,-6900000.0,77752000.0,77752000.0,77752000.0,0.0,0.0,0.062,521751000.0,106890000.0,490860000.0,0.0,5.697,85.272,82.074,1143437000.0,0.0,22.16,2.1,2.105,696287000.0,747231000.0,1257195000.0,1257195000.0,0.0,,,,,10372000.0,514638000.0,1.0,455053267.0,456014000,459226000.0,2.757,4403778000.0,23796000.0,9881000.0,0.0,9.657,1923401000.0
2,UAA,MRQ,2020-12-31,2020-12-31,2020-12-31,2021-08-05,-59185000.0,5030628000.0,,3222975000.0,1807653000.0,,3.685,-20652000.0,1517361000.0,1517361000.0,710144000.0,184453000.0,2.28,2.002,2005531000.0,162561000.0,1842970000.0,2005531000.0,0.0,40815000.0,0.0,0.0,0.0,234152000.0,274967000.0,0.196,274967000.0,234152000.0,219144000.0,0.41,0.41,0.41,1675993000.0,,1675993000.0,8968065586.0,-20.0,-31.188,441919000.0,0.972,1.0,693622000.0,0.494,515509000.0,15008000.0,3590013000.0,,895974000.0,0.0,0.0,0.0,3354635000.0,1413276000.0,1941359000.0,7806651586.0,653980000.0,197484000.0,889000.0,-69000.0,0.0,530000.0,176832000.0,0.0,462571000.0,14047000.0,184453000.0,184453000.0,184453000.0,0.0,0.0,0.131,637776000.0,55846000.0,575954000.0,0.0,4.658,-14.215,-14.19,1195338000.0,0.0,17.17,1.745,1.742,527340000.0,673855000.0,1403766000.0,1403766000.0,0.0,,,,,9300000.0,585778000.0,1.0,454668118.0,454815000,454815000.0,3.086,4515119000.0,23930000.0,34691000.0,0.0,9.927,1809699000.0
3,UAA,MRQ,2020-09-30,2020-09-30,2020-09-30,2021-08-05,-70858000.0,4863551000.0,,2973341000.0,1890210000.0,,3.235,-20777000.0,865609000.0,865609000.0,746701000.0,38946000.0,2.053,2.308,2027023000.0,156885000.0,1870138000.0,2027023000.0,0.0,37250000.0,0.0,0.0,0.0,50187000.0,87437000.0,0.061,87437000.0,50187000.0,35232000.0,0.09,0.09,0.09,1470346000.0,,1470346000.0,6303303751.0,-10.0,-12.912,38926000.0,0.086,1.0,686320000.0,0.479,530905000.0,14955000.0,4045661000.0,,1056845000.0,0.0,0.0,0.0,3393205000.0,1448399000.0,1944806000.0,5103890751.0,-213569000.0,-658000.0,996000.0,-250327000.0,0.0,-249884000.0,-21435000.0,0.0,59703000.0,-1953000.0,38946000.0,38946000.0,38946000.0,0.0,0.0,0.027,627750000.0,58570000.0,643315000.0,0.0,3.471,-6.815,-6.806,1241017000.0,0.0,11.23,1.131,1.131,806916000.0,490071000.0,1433021000.0,1433021000.0,0.0,,,,,9512000.0,553549000.0,1.0,454487155.0,454541000,456674000.0,3.153,4332646000.0,45995000.0,-3714000.0,0.0,9.532,1524942000.0
4,UAA,MRQ,2020-06-30,2020-06-30,2020-06-30,2021-08-05,-71541000.0,5003341000.0,,3089009000.0,1914332000.0,,3.134,-19364000.0,1079409000.0,1079409000.0,358471000.0,-182895000.0,1.908,2.515,2278822000.0,398408000.0,1880414000.0,2278822000.0,0.0,38354000.0,0.0,0.0,0.0,-174696000.0,-136342000.0,-0.193,-136342000.0,-174696000.0,-186032000.0,-0.4,-0.4,-0.4,1423414000.0,,1423414000.0,5700348836.0,-10.0,-14.557,37938000.0,0.084,1.0,349169000.0,0.493,525616000.0,11336000.0,4058524000.0,,1198509000.0,0.0,0.0,0.0,3579927000.0,1618614000.0,1961313000.0,4422873836.0,119936000.0,-847000.0,1210000.0,133930000.0,0.0,87255000.0,-20211000.0,0.0,57302000.0,-4410000.0,-182895000.0,-182895000.0,-182895000.0,0.0,0.0,-0.258,518843000.0,-169674000.0,664288000.0,0.0,3.107,-6.451,-6.45,1270895000.0,0.0,9.74,0.981,0.981,568430000.0,450750000.0,707640000.0,707640000.0,0.0,,,,,12793000.0,479906000.0,1.0,454093823.0,454121000,454121000.0,1.558,4477725000.0,42589000.0,-3137000.0,0.0,9.86,1470395000.0
5,UAA,MRQ,2020-03-31,2020-03-31,2020-03-31,2021-08-05,-70253000.0,4837575000.0,,2868007000.0,1969568000.0,,3.423,-31498000.0,959318000.0,959318000.0,499256000.0,-589681000.0,1.696,2.121,2236793000.0,729758000.0,1507035000.0,2236793000.0,0.0,48565000.0,0.0,0.0,0.0,-562174000.0,-513609000.0,-0.552,-513609000.0,-562174000.0,-568134000.0,-1.3,-1.3,-1.3,1550180000.0,,1550180000.0,4672471872.0,-11.0,-20.758,-398210000.0,-0.879,1.0,430984000.0,0.463,526162000.0,5960000.0,3897386000.0,,940236000.0,0.0,0.0,0.0,3287395000.0,1691502000.0,1595893000.0,4161321872.0,172160000.0,-37343000.0,1649000.0,600000000.0,0.0,598952000.0,-68841000.0,0.0,-366712000.0,8761000.0,-589681000.0,-589681000.0,-589681000.0,0.0,0.0,-0.634,989164000.0,-558180000.0,417397000.0,0.0,2.684,-8.002,-8.009,1309986000.0,0.0,9.21,0.833,0.835,668409000.0,634452000.0,930240000.0,930240000.0,0.0,,,,,10465000.0,552701000.0,1.0,451826479.0,452871000,452871000.0,2.054,4311413000.0,39576000.0,21547000.0,0.0,9.52,1176505000.0
6,UAA,MRQ,2019-12-31,2019-12-31,2019-12-31,2021-08-05,-50765000.0,4843531000.0,,2702209000.0,2141322000.0,,4.761,-40035000.0,788072000.0,788072000.0,759698000.0,-15304000.0,1.9,1.253,1299222000.0,125900000.0,1173322000.0,1299222000.0,0.0,45982000.0,0.0,0.0,0.0,28344000.0,74326000.0,0.052,74326000.0,28344000.0,22985000.0,-0.04,-0.04,-0.04,2150087000.0,,2150087000.0,10637139733.0,58.0,28.762,366528000.0,0.812,1.0,681527000.0,0.473,586523000.0,5359000.0,3346149000.0,,892258000.0,0.0,0.0,0.0,2693444000.0,1422009000.0,1271435000.0,9753811733.0,368403000.0,0.0,1675000.0,108000.0,0.0,1622000.0,-40073000.0,0.0,406563000.0,291000.0,-15304000.0,-15304000.0,-15304000.0,0.0,0.0,-0.011,607454000.0,74073000.0,618194000.0,0.0,4.536,105.86,108.0,1384079000.0,0.0,21.6,1.852,1.849,708714000.0,1226986000.0,1441225000.0,1441225000.0,0.0,,,,,11570000.0,607454000.0,1.0,451565358.0,451639000,454955000.0,3.191,4257008000.0,82379000.0,38289000.0,0.0,9.426,1280200000.0
7,UAA,MRQ,2019-09-30,2019-09-30,2019-09-30,2021-08-05,-49371000.0,4633765000.0,,2459089000.0,2174676000.0,,4.771,-28721000.0,416603000.0,416603000.0,739558000.0,102315000.0,2.05,1.152,1299931000.0,119446000.0,1180485000.0,1299931000.0,0.0,46722000.0,0.0,0.0,0.0,137314000.0,184036000.0,0.129,184036000.0,137314000.0,131659000.0,0.23,0.23,0.23,2153666000.0,,2153666000.0,9851421014.0,68.0,29.627,-38960000.0,-0.086,1.0,689898000.0,0.483,579609000.0,5655000.0,3737823000.0,,906544000.0,0.0,0.0,0.0,2480099000.0,1199661000.0,1280438000.0,8997867014.0,-38341000.0,0.0,1559000.0,0.0,0.0,549000.0,-28997000.0,0.0,-10239000.0,346000.0,102315000.0,102315000.0,102315000.0,0.0,0.0,0.072,550978000.0,138920000.0,483627000.0,0.0,4.178,80.582,79.76,1374726000.0,0.0,19.94,1.725,1.726,843495000.0,1242437000.0,1429456000.0,1429456000.0,0.0,,,,,12413000.0,550978000.0,1.0,451247092.0,451385000,454695000.0,3.167,4054156000.0,90860000.0,29344000.0,0.0,8.982,1259428000.0
8,UAA,MRQ,2019-06-30,2019-06-30,2019-06-30,2021-08-05,-39492000.0,4679908000.0,,2444447000.0,2235461000.0,,4.541,-41135000.0,455726000.0,455726000.0,637408000.0,-17349000.0,1.834,1.285,1309280000.0,116219000.0,1193061000.0,1309280000.0,0.0,47257000.0,0.0,0.0,0.0,-17101000.0,30156000.0,0.025,30156000.0,-17101000.0,-23089000.0,-0.04,-0.04,-0.04,2048274000.0,,2048274000.0,12436720755.0,101.0,40.441,161361000.0,0.358,1.0,554321000.0,0.465,588289000.0,5988000.0,3612532000.0,,965711000.0,0.0,0.0,0.0,2631634000.0,1332641000.0,1298993000.0,11433152755.0,167790000.0,0.0,2006000.0,-1204000.0,0.0,2394000.0,-42132000.0,0.0,202496000.0,5032000.0,-17349000.0,-17349000.0,-17349000.0,0.0,0.0,-0.015,565803000.0,-11482000.0,607382000.0,0.0,5.582,135.124,133.421,1401517000.0,0.0,25.35,2.186,2.187,735181000.0,1141129000.0,1191729000.0,1191729000.0,0.0,,,,,13142000.0,565803000.0,1.0,451011943.0,451066000,451066000.0,2.642,4091619000.0,129403000.0,-5740000.0,0.0,9.071,1111806000.0
9,UAA,MRQ,2019-03-31,2019-03-31,2019-03-31,2021-08-05,-40176000.0,4436072000.0,,2206708000.0,2229364000.0,,4.558,-35911000.0,288726000.0,288726000.0,659935000.0,22477000.0,2.017,1.164,1292294000.0,107250000.0,1185044000.0,1292294000.0,0.0,46464000.0,0.0,0.0,0.0,34846000.0,81310000.0,0.067,81310000.0,34846000.0,30608000.0,0.05,0.05,0.05,2049807000.0,,2049807000.0,9658096733.0,353.0,46.108,-125700000.0,-0.279,1.0,544787000.0,0.452,588844000.0,4238000.0,3756784000.0,,875252000.0,0.0,0.0,0.0,2386265000.0,1094012000.0,1292253000.0,9486665733.0,-267904000.0,0.0,2232000.0,-139274000.0,0.0,-141635000.0,-35911000.0,0.0,-89789000.0,-569000.0,22477000.0,22477000.0,22477000.0,0.0,0.0,0.019,509528000.0,35259000.0,377401000.0,0.0,4.628,1478.365,1057.0,1401454000.0,0.0,21.14,1.82,1.824,743677000.0,1158482000.0,1204722000.0,1204722000.0,0.0,,,,,12493000.0,509528000.0,1.0,448754292.0,449749000,453230000.0,2.679,3847228000.0,114705000.0,8131000.0,0.0,8.554,1112696000.0
10,UAA,MRQ,2018-12-31,2018-12-31,2018-12-31,2021-08-05,-38987000.0,4245022000.0,,2593628000.0,1651394000.0,,4.497,-48946000.0,557403000.0,557403000.0,764753000.0,4218000.0,1.971,1.105,728834000.0,25000000.0,703834000.0,728834000.0,0.0,46739000.0,0.0,0.0,0.0,-9723000.0,37016000.0,0.027,37016000.0,-9723000.0,-17025000.0,0.01,0.01,0.01,2016871000.0,,2016871000.0,8557407235.0,-257.0,57.633,460467000.0,1.027,1.0,625227000.0,0.45,588287000.0,7302000.0,2512189000.0,,1019496000.0,0.0,0.0,0.0,2228151000.0,1315977000.0,912174000.0,7922634235.0,389520000.0,0.0,-8159000.0,-75000000.0,0.0,-83159000.0,-48681000.0,1000.0,509413000.0,11947000.0,4218000.0,4218000.0,4218000.0,0.0,0.0,0.003,635675000.0,-10448000.0,560884000.0,0.0,3.928,-171.108,-176.7,826868000.0,0.0,17.67,1.526,1.517,652546000.0,1139082000.0,1389980000.0,1389980000.0,0.0,,,,,9341000.0,587446000.0,1.0,448366397.0,448467000,448467000.0,3.099,3656735000.0,112420000.0,-21243000.0,0.0,8.154,1277651000.0
11,UAA,MRQ,2018-09-30,2018-09-30,2018-09-30,2021-08-05,-44360000.0,4227169000.0,,2587030000.0,1640139000.0,,4.487,-25832000.0,168682000.0,168682000.0,777769000.0,75266000.0,1.99,1.107,803455000.0,100000000.0,703455000.0,803455000.0,0.0,43758000.0,0.0,0.0,0.0,115291000.0,159049000.0,0.11,159049000.0,115291000.0,106140000.0,0.17,0.17,0.17,2005921000.0,,2005921000.0,10024105344.0,-159.0,85.381,-53022000.0,-0.119,1.0,665207000.0,0.461,595000000.0,9151000.0,2967203000.0,,1173115000.0,0.0,0.0,0.0,2221248000.0,1299739000.0,921509000.0,9441614344.0,-27780000.0,0.0,1826000.0,23500000.0,0.0,24561000.0,-28158000.0,-1000.0,-27190000.0,3007000.0,75266000.0,75266000.0,75266000.0,0.0,0.0,0.052,546241000.0,118966000.0,499467000.0,0.0,4.707,-68.199,-68.452,821078000.0,0.0,21.22,1.825,1.834,867074000.0,1134684000.0,1442976000.0,1442976000.0,0.0,,,,,11769000.0,527640000.0,1.0,444939413.0,447070000,451035000.0,3.228,3632169000.0,86436000.0,30874000.0,0.0,8.124,1287291000.0
12,UAA,MRQ,2018-06-30,2018-06-30,2018-06-30,2021-08-05,-38489000.0,4241152000.0,,2561515000.0,1679637000.0,,4.327,-28392000.0,196879000.0,196879000.0,648275000.0,-95544000.0,1.914,1.204,779370000.0,27000000.0,752370000.0,779370000.0,0.0,45173000.0,0.0,0.0,0.0,-113082000.0,-67909000.0,-0.058,-67909000.0,-113082000.0,-121634000.0,-0.21,-0.21,-0.21,1923912000.0,,1923912000.0,10632829912.0,-91.0,164.625,95591000.0,0.215,1.0,526584000.0,0.448,597040000.0,8552000.0,2888204000.0,,1299332000.0,0.0,0.0,0.0,2317240000.0,1338399000.0,978841000.0,9995768912.0,-85865000.0,0.0,6595000.0,-141750000.0,0.0,-135069000.0,-70135000.0,-39207000.0,123983000.0,-4644000.0,-95544000.0,-95544000.0,-95544000.0,0.0,0.0,-0.081,631459000.0,-104875000.0,691163000.0,0.0,5.196,-62.683,-62.444,835427000.0,0.0,22.48,1.945,1.945,724945000.0,1060402000.0,1174859000.0,1174859000.0,0.0,,,,,12536000.0,552619000.0,1.0,444651642.0,444626000,444626000.0,2.642,3644112000.0,111746000.0,-26090000.0,0.0,8.196,1223116000.0
13,UAA,MRQ,2018-03-31,2018-03-31,2018-03-31,2021-08-05,-21083000.0,4264319000.0,,2592005000.0,1672314000.0,,4.554,-55930000.0,283644000.0,283644000.0,661917000.0,-30244000.0,1.968,1.113,920705000.0,162000000.0,758705000.0,920705000.0,0.0,46098000.0,0.0,0.0,0.0,-25773000.0,20325000.0,0.017,20325000.0,-25773000.0,-34337000.0,-0.07,-0.07,-0.07,2017732000.0,,2017732000.0,7834084781.0,-672.0,46.86,-33906000.0,-0.077,1.0,523453000.0,0.442,611132000.0,8564000.0,2973191000.0,,1148493000.0,0.0,0.0,0.0,2246587000.0,1317057000.0,929530000.0,7229521781.0,-27950000.0,0.0,2318000.0,3239000.0,0.0,3799000.0,-55930000.0,0.0,22024000.0,2157000.0,-30244000.0,-30244000.0,-30244000.0,0.0,0.0,-0.026,552114000.0,-28661000.0,470378000.0,0.0,3.583,-94.838,-90.833,870120000.0,0.0,16.35,1.43,1.433,805413000.0,1155946000.0,1185370000.0,1185370000.0,0.0,,,,,8137000.0,514634000.0,1.0,442172586.0,443052000,443052000.0,2.675,3653187000.0,92607000.0,-4093000.0,0.0,8.246,1274948000.0
14,UAA,MRQ,2017-12-31,2017-12-31,2017-12-31,2021-08-05,-38211000.0,4006367000.0,,2337679000.0,1668688000.0,,4.569,-55415000.0,312483000.0,312483000.0,775658000.0,-87920000.0,2.205,0.985,917046000.0,152000000.0,765046000.0,917046000.0,0.0,45259000.0,0.0,0.0,0.0,-39319000.0,5940000.0,0.004,5940000.0,-39319000.0,-48620000.0,-0.2,-0.2,-0.2,2018642000.0,,2018642000.0,7184080062.0,297.0,36.288,208218000.0,0.471,1.0,593558000.0,0.434,602669000.0,9301000.0,2947886000.0,,1158548000.0,0.0,0.0,0.0,1987725000.0,1060375000.0,927350000.0,6373700062.0,54858000.0,0.0,1823000.0,-151750000.0,0.0,-150122000.0,-55415000.0,0.0,263633000.0,-3238000.0,-87920000.0,-87920000.0,-87920000.0,0.0,0.0,-0.064,630646000.0,-37088000.0,561108000.0,0.0,3.157,-132.07,-131.182,885774000.0,0.0,14.43,1.277,1.275,609670000.0,1184441000.0,1369216000.0,1369216000.0,0.0,,,,,5092000.0,594694000.0,1.0,441697856.0,441836000,418133000.0,3.099,3403698000.0,82801000.0,39300000.0,0.0,7.704,1277304000.0
15,UAA,MRQ,2017-09-30,2017-09-30,2017-09-30,2021-08-05,-36926000.0,4130365000.0,,2456842000.0,1673523000.0,,4.761,-58651000.0,258002000.0,258002000.0,760265000.0,54242000.0,2.233,0.966,1068382000.0,297000000.0,771382000.0,1068382000.0,0.0,45121000.0,0.0,0.0,0.0,61111000.0,106232000.0,0.075,106232000.0,61111000.0,51536000.0,0.12,0.12,0.12,2100696000.0,,2100696000.0,8056518887.0,36.0,20.469,-24077000.0,-0.055,1.0,648726000.0,0.46,607964000.0,9575000.0,3232355000.0,,1180653000.0,0.0,0.0,0.0,2029669000.0,1100426000.0,929243000.0,7267486887.0,93315000.0,0.0,3079000.0,113250000.0,0.0,116217000.0,-60299000.0,0.0,34574000.0,2823000.0,54242000.0,54242000.0,54242000.0,0.0,0.0,0.038,586546000.0,62180000.0,482897000.0,0.0,3.46,50.86,53.161,868250000.0,0.0,16.48,1.473,1.474,733292000.0,1272556000.0,1408991000.0,1408991000.0,0.0,,,,,8927000.0,501548000.0,1.0,440988282.0,441275000,448439000.0,3.193,3522401000.0,97147000.0,-2706000.0,0.0,7.982,1356416000.0
16,UAA,MRQ,2017-06-30,2017-06-30,2017-06-30,2021-08-05,-47032000.0,3894244000.0,,2166470000.0,1727774000.0,,4.595,-75483000.0,165685000.0,165685000.0,589999000.0,-12308000.0,2.313,0.924,954717000.0,177000000.0,777717000.0,954717000.0,0.0,42354000.0,0.0,0.0,0.0,-7669000.0,34685000.0,0.032,34685000.0,-7669000.0,-15510000.0,-0.03,-0.03,-0.03,2023771000.0,,2023771000.0,10270254060.0,28.0,19.617,-103678000.0,-0.235,1.0,501193000.0,0.459,640312000.0,7841000.0,3106425000.0,,1168786000.0,0.0,0.0,0.0,1870473000.0,936539000.0,933934000.0,9581330060.0,-5431000.0,0.0,3856000.0,93250000.0,0.0,97106000.0,-75483000.0,0.0,-28195000.0,1141000.0,-12308000.0,-12308000.0,-12308000.0,0.0,0.0,-0.011,505978000.0,-4785000.0,483210000.0,0.0,4.734,44.179,45.333,875005000.0,0.0,21.76,1.918,1.918,602795000.0,1218426000.0,1091192000.0,1091192000.0,0.0,,,,,15014000.0,502880000.0,1.0,440318477.0,440423000,440423000.0,2.478,3253932000.0,125358000.0,-3202000.0,0.0,7.388,1229931000.0
17,UAA,MRQ,2017-03-31,2017-03-31,2017-03-31,2021-08-05,-48211000.0,3577160000.0,,1906028000.0,1671132000.0,,4.598,-91790000.0,172128000.0,172128000.0,611908000.0,-2272000.0,3.037,0.771,861052000.0,77000000.0,784052000.0,861052000.0,0.0,41013000.0,0.0,0.0,0.0,10106000.0,51119000.0,0.046,51119000.0,10106000.0,2286000.0,-0.01,-0.01,-0.01,2020033000.0,,2020033000.0,9241050538.0,24.0,17.081,-124342000.0,-0.283,1.0,507936000.0,0.454,633367000.0,7820000.0,3005178000.0,,901613000.0,0.0,0.0,0.0,1557127000.0,627539000.0,929588000.0,8674132538.0,-77332000.0,0.0,2782000.0,43250000.0,0.0,43558000.0,-91790000.0,0.0,-32552000.0,3452000.0,-2272000.0,-2272000.0,-2272000.0,0.0,0.0,-0.002,500400000.0,7536000.0,294857000.0,0.0,4.294,49.137,50.718,830539000.0,0.0,19.78,1.768,1.772,629235000.0,1232416000.0,1119844000.0,1119844000.0,0.0,,,,,10824000.0,500400000.0,1.0,438530462.0,439360000,439360000.0,2.549,2943793000.0,121108000.0,4558000.0,0.0,6.7,1278489000.0
18,UAA,MRQ,2016-12-31,2016-12-31,2016-12-31,2021-08-05,-52143000.0,3644331000.0,,1965153000.0,1679178000.0,,4.634,-65080000.0,250470000.0,250470000.0,721573000.0,103231000.0,2.865,0.794,817388000.0,27000000.0,790388000.0,817388000.0,0.0,39388000.0,0.0,0.0,0.0,162170000.0,201558000.0,0.153,201558000.0,162170000.0,154212000.0,0.23,0.24,0.23,2030900000.0,,2030900000.0,13622148337.0,33.0,24.348,337576000.0,0.77,1.0,591707000.0,0.451,627901000.0,7958000.0,2897532000.0,,917491000.0,0.0,0.0,0.0,1613431000.0,685816000.0,927615000.0,12728334337.0,72771000.0,0.0,2463000.0,-258128000.0,0.0,-256159000.0,-65097000.0,0.0,402656000.0,-8629000.0,103231000.0,103231000.0,103231000.0,0.0,0.0,0.079,427807000.0,163900000.0,409679000.0,0.0,6.267,64.291,64.556,804211000.0,0.0,29.05,2.633,2.622,622685000.0,1259414000.0,1313280000.0,1313280000.0,0.0,,,,,3043000.0,427807000.0,1.0,438152645.0,438274000,447362000.0,2.996,3016430000.0,136862000.0,50981000.0,0.0,6.883,1279337000.0
19,UAA,MRQ,2016-09-30,2016-09-30,2016-09-30,2021-08-05,-50031000.0,3685337000.0,,2026561000.0,1658776000.0,,4.392,-67360000.0,179954000.0,179954000.0,772949000.0,128225000.0,2.364,0.916,1073768000.0,277000000.0,796768000.0,1073768000.0,0.0,37645000.0,0.0,0.0,0.0,198538000.0,236183000.0,0.16,236183000.0,198538000.0,190349000.0,0.29,0.29,0.29,1923154000.0,,1923154000.0,17808393859.0,42.0,31.685,-5478000.0,-0.013,1.0,698624000.0,0.475,645151000.0,8189000.0,3076750000.0,,970621000.0,0.0,0.0,0.0,1762183000.0,857250000.0,904933000.0,16914493859.0,58738000.0,0.0,5422000.0,58313000.0,0.0,63735000.0,-67503000.0,0.0,61882000.0,624000.0,128225000.0,128225000.0,128225000.0,0.0,0.0,0.087,499314000.0,199310000.0,254222000.0,0.0,8.795,84.424,84.087,751286000.0,0.0,38.68,3.606,3.61,713731000.0,1156650000.0,1471573000.0,1471573000.0,0.0,,,,,22128000.0,499314000.0,1.0,437293016.0,437830000,445853000.0,3.361,3040186000.0,155592000.0,62124000.0,0.0,6.944,1169311000.0
20,UAA,MRQ,2016-06-30,2016-06-30,2016-06-30,2021-08-05,-45260000.0,3426924000.0,,1849185000.0,1577739000.0,,4.067,-149733000.0,121216000.0,121216000.0,523136000.0,6344000.0,2.607,0.935,1015116000.0,177000000.0,838116000.0,1015116000.0,0.0,35716000.0,0.0,0.0,0.0,16423000.0,52139000.0,0.052,52139000.0,16423000.0,10669000.0,-0.12,-0.12,-0.12,1771348000.0,,1771348000.0,18365205193.0,46.0,35.306,-120116000.0,-0.276,1.0,477647000.0,0.477,650990000.0,5754000.0,2960480000.0,,1086749000.0,0.0,0.0,0.0,1655576000.0,709354000.0,946222000.0,17587681193.0,-35785000.0,0.0,3646000.0,81732000.0,-2927000.0,80027000.0,-145383000.0,5065000.0,29617000.0,-46000.0,6344000.0,-52656000.0,-52656000.0,0.0,0.0,-0.053,458269000.0,19378000.0,332060000.0,0.0,9.929,101.897,100.325,712873000.0,59000000.0,40.13,3.976,3.951,460955000.0,1029371000.0,1000783000.0,1000783000.0,0.0,,,,,24300000.0,458269000.0,1.0,438267660.0,435543000,442872000.0,2.298,2775934000.0,118053000.0,4325000.0,0.0,6.374,1139831000.0
21,UAA,MRQ,2016-03-31,2016-03-31,2016-03-31,2021-08-05,-43828000.0,3218124000.0,,1768783000.0,1449341000.0,,4.016,-104573000.0,157001000.0,157001000.0,567066000.0,19180000.0,2.919,0.848,934525000.0,167000000.0,767525000.0,934525000.0,0.0,32021000.0,0.0,0.0,0.0,37585000.0,69606000.0,0.066,69606000.0,37585000.0,33053000.0,0.04,0.04,0.04,1741317000.0,,1741317000.0,19000581456.0,46.0,36.211,-232105000.0,-0.535,1.0,480636000.0,0.459,662112000.0,4532000.0,2727636000.0,,834287000.0,0.0,0.0,0.0,1476807000.0,605900000.0,870907000.0,18461433456.0,27149000.0,0.0,3954000.0,268242000.0,0.0,258511000.0,-103156000.0,1417000.0,-127532000.0,-674000.0,19180000.0,19180000.0,19180000.0,0.0,0.0,0.018,445753000.0,34883000.0,184243000.0,0.0,10.602,76.915,77.118,601910000.0,0.0,42.415,4.389,4.373,566286000.0,1082027000.0,1047702000.0,1047702000.0,0.0,,,,,41461000.0,445753000.0,1.0,435257184.0,433626000,443260000.0,2.416,2556012000.0,92230000.0,13873000.0,0.0,5.895,1162883000.0
22,UAA,MRQ,2015-12-31,2015-12-31,2015-12-31,2021-08-05,-45013000.0,2865970000.0,,1498763000.0,1367207000.0,,3.863,-72195000.0,129852000.0,129852000.0,609016000.0,105602000.0,3.13,0.718,666070000.0,42000000.0,624070000.0,666070000.0,0.0,28729000.0,0.0,0.0,0.0,175386000.0,204115000.0,0.174,204115000.0,175386000.0,171330000.0,0.25,0.24,0.25,1668222000.0,,1668222000.0,18265538561.0,46.0,36.367,255794000.0,0.592,1.0,561670000.0,0.48,660867000.0,4056000.0,2262511000.0,,783031000.0,0.0,0.0,0.0,1197748000.0,478810000.0,718938000.0,17520262561.0,-29546000.0,0.0,2783000.0,-235675000.0,0.0,-286388000.0,-66654000.0,5424000.0,327989000.0,-4493000.0,105602000.0,105602000.0,105602000.0,0.0,0.0,0.09,384088000.0,177582000.0,200460000.0,0.0,10.502,75.332,74.639,538531000.0,0.0,40.305,4.421,4.383,433638000.0,1076533000.0,1170686000.0,1170686000.0,0.0,,,,,61493000.0,384088000.0,1.0,434692037.0,431902000,442696000.0,2.711,2205103000.0,92157000.0,65728000.0,0.0,5.106,1019953000.0
23,UAA,MRQ,2015-09-30,2015-09-30,2015-09-30,2021-08-05,-39058000.0,3032363000.0,,1773111000.0,1259252000.0,,3.558,-61248000.0,159398000.0,159398000.0,616949000.0,100477000.0,2.089,0.975,901535000.0,342124000.0,559411000.0,901535000.0,0.0,26147000.0,0.0,0.0,0.0,168158000.0,194305000.0,0.161,194305000.0,168158000.0,164058000.0,0.23,0.23,0.23,1535254000.0,,1535254000.0,21564206999.0,58.0,46.705,-194783000.0,-0.451,1.0,587160000.0,0.488,671564000.0,4100000.0,2254332000.0,,867082000.0,0.0,0.0,0.0,1497109000.0,848604000.0,648505000.0,21019702999.0,10313000.0,0.0,2583000.0,188934000.0,0.0,194613000.0,-51404000.0,10193000.0,-133535000.0,639000.0,100477000.0,100477000.0,100477000.0,0.0,0.0,0.083,415763000.0,171397000.0,274285000.0,0.0,13.691,97.912,96.394,478418000.0,0.0,48.39,5.7,5.662,551188000.0,971117000.0,1204109000.0,1204109000.0,0.0,,,,,23504000.0,415763000.0,1.0,434381132.0,431486000,442106000.0,2.791,2360799000.0,103558000.0,63581000.0,0.0,5.471,924507000.0
24,UAA,MRQ,2015-06-30,2015-06-30,2015-06-30,2021-08-05,-27395000.0,2758909000.0,,1557936000.0,1200973000.0,,3.283,-96866000.0,149085000.0,149085000.0,404524000.0,14766000.0,2.635,0.949,712391000.0,42737000.0,669654000.0,712391000.0,0.0,24756000.0,0.0,0.0,0.0,31942000.0,56698000.0,0.072,56698000.0,31942000.0,27680000.0,0.03,0.03,0.03,1415580000.0,,1415580000.0,18556721291.0,54.0,43.336,-100253000.0,-0.233,1.0,379053000.0,0.484,675517000.0,4262000.0,2055403000.0,,836605000.0,0.0,0.0,0.0,1343329000.0,591295000.0,752034000.0,18111914291.0,-75842000.0,-351000.0,2022000.0,38893000.0,0.0,43974000.0,-112082000.0,-15038000.0,-3387000.0,-4347000.0,14766000.0,14766000.0,14766000.0,0.0,0.0,0.019,347152000.0,31901000.0,375431000.0,0.0,12.795,89.086,86.917,430536000.0,0.0,41.72,5.293,5.257,353406000.0,870640000.0,783577000.0,783577000.0,0.0,,,,,12253000.0,347152000.0,1.0,434130256.0,431180000,439842000.0,1.817,2083392000.0,103946000.0,12914000.0,0.0,4.832,966641000.0
25,UAA,MRQ,2015-03-31,2015-03-31,2015-03-31,2021-08-05,-27114000.0,2544538000.0,,1434479000.0,1110059000.0,,3.202,-68619000.0,224927000.0,224927000.0,427277000.0,11728000.0,3.2,0.838,673331000.0,43347000.0,629984000.0,673331000.0,0.0,21308000.0,0.0,0.0,0.0,25827000.0,47135000.0,0.059,47135000.0,25827000.0,23617000.0,0.03,0.03,0.03,1384526000.0,,1384526000.0,17086935531.0,49.0,40.35,-245145000.0,-0.567,1.0,377664000.0,0.469,682567000.0,2210000.0,1862156000.0,,577947000.0,0.0,0.0,0.0,1160012000.0,448219000.0,711793000.0,17395909531.0,-368248000.0,-539109000.0,2922000.0,391699000.0,0.0,429234000.0,-617335000.0,-7113000.0,-176526000.0,-3621000.0,11728000.0,11728000.0,11728000.0,0.0,0.0,0.015,349997000.0,27667000.0,252051000.0,0.0,12.565,84.351,82.398,359489000.0,0.0,40.375,5.356,5.376,395917000.0,856640000.0,804941000.0,804941000.0,0.0,,,,,9043000.0,349997000.0,1.0,430858440.0,432438403,442346155.0,1.861,1861971000.0,80070000.0,11889000.0,0.0,4.306,986260000.0
26,UAA,MRQ,2014-12-31,2014-12-31,2014-12-31,2021-08-05,-14808000.0,2095083000.0,,1549399000.0,545684000.0,,3.226,-43932000.0,593175000.0,593175000.0,448937000.0,87709000.0,3.675,0.552,284201000.0,28951000.0,255250000.0,284201000.0,0.0,19702000.0,0.0,0.0,0.0,143871000.0,163573000.0,0.183,163573000.0,143871000.0,142144000.0,0.212,0.197,0.212,1350300000.0,,1350300000.0,14555077557.0,42.0,34.685,247597000.0,0.592,1.0,446264000.0,0.499,149486000.0,1727000.0,1214996000.0,,536714000.0,0.0,0.0,0.0,744783000.0,421627000.0,323156000.0,14612898557.0,343706000.0,0.0,1716000.0,92554000.0,0.0,98179000.0,-44068000.0,0.0,291529000.0,-1934000.0,87709000.0,87709000.0,87709000.0,0.0,0.0,0.098,299965000.0,146299000.0,210432000.0,0.0,10.822,70.24,69.286,305564000.0,0.0,33.95,4.738,4.694,279835000.0,856687000.0,895201000.0,895201000.0,0.0,,,,,11847000.0,299965000.0,1.0,430424111.0,418543492,440177254.0,2.139,1945597000.0,86068000.0,54435000.0,0.0,4.648,1127772000.0
27,UAA,MRQ,2014-09-30,2014-09-30,2014-09-30,2021-08-05,-6993000.0,1978110000.0,,1463903000.0,514207000.0,,2.916,-27695000.0,249469000.0,249469000.0,472608000.0,89105000.0,2.985,0.577,191648000.0,19524000.0,172124000.0,191648000.0,0.0,18044000.0,0.0,0.0,0.0,142751000.0,160795000.0,0.171,160795000.0,142751000.0,141216000.0,0.209,0.204,0.209,1254141000.0,,1254141000.0,14738231181.0,49.0,39.992,-54525000.0,-0.127,1.0,465300000.0,0.496,152206000.0,1535000.0,1277604000.0,,637459000.0,0.0,0.0,0.0,723969000.0,490479000.0,233490000.0,14842028181.0,-50965000.0,0.0,3864000.0,-4989000.0,0.0,5630000.0,-28159000.0,0.0,-26830000.0,-1606000.0,89105000.0,89105000.0,89105000.0,0.0,0.0,0.095,319194000.0,146106000.0,273687000.0,0.0,11.834,80.445,80.913,264629000.0,0.0,34.55,5.168,5.174,449221000.0,770484000.0,937908000.0,937908000.0,0.0,,,,,15105000.0,319194000.0,1.0,429581134.0,430071742,439054985.0,2.181,1825904000.0,88442000.0,52111000.0,0.0,4.246,973424000.0
28,UAA,MRQ,2014-06-30,2014-06-30,2014-06-30,2021-08-05,454000.0,1863945000.0,,1368319000.0,495626000.0,,2.657,-29186000.0,300434000.0,300434000.0,309702000.0,17690000.0,2.849,0.634,196637000.0,19650000.0,176987000.0,196637000.0,0.0,17027000.0,0.0,0.0,0.0,34941000.0,51968000.0,0.085,51968000.0,34941000.0,33714000.0,0.04,0.04,0.04,1140759000.0,,1140759000.0,12739774713.0,46.0,37.373,72684000.0,0.169,1.0,299952000.0,0.492,154171000.0,1227000.0,1125732000.0,,662388000.0,0.0,0.0,0.0,723186000.0,480245000.0,242941000.0,12768042713.0,120508000.0,0.0,1569000.0,43265000.0,0.0,47097000.0,-29185000.0,0.0,101870000.0,726000.0,17690000.0,17690000.0,17690000.0,0.0,0.0,0.029,265258000.0,34694000.0,334001000.0,0.0,11.193,75.92,76.86,255018000.0,0.0,29.745,4.805,4.807,269133000.0,681380000.0,609654000.0,609654000.0,0.0,,,,,10640000.0,265258000.0,1.0,429250049.0,429399006,437669229.0,1.42,1709774000.0,76880000.0,16024000.0,0.0,3.982,888074000.0
29,UAA,MRQ,2014-03-31,2014-03-31,2014-03-31,2021-08-05,504000.0,1599016000.0,,1125157000.0,473859000.0,,2.591,-39715000.0,179926000.0,179926000.0,340917000.0,13538000.0,2.905,0.442,151658000.0,104812000.0,46846000.0,151658000.0,0.0,17320000.0,0.0,0.0,0.0,25982000.0,43302000.0,0.067,43302000.0,25982000.0,25136000.0,0.03,0.03,0.03,1108577000.0,,1108577000.0,12023654290.0,44.0,36.194,-187251000.0,-0.438,1.0,300690000.0,0.469,154959000.0,846000.0,1028537000.0,,472244000.0,0.0,0.0,0.0,490439000.0,387252000.0,103187000.0,12218220290.0,-167563000.0,-10924000.0,8627000.0,-1265000.0,0.0,31400000.0,-50900000.0,0.0,-147536000.0,-527000.0,13538000.0,13538000.0,13538000.0,0.0,0.0,0.021,273834000.0,26856000.0,166920000.0,0.0,11.022,72.704,74.057,240721000.0,0.0,28.66,4.883,4.9,331299000.0,664870000.0,641607000.0,641607000.0,0.0,,,,,13220000.0,273834000.0,1.0,426316130.0,427777591,436899812.0,1.5,1444057000.0,76369000.0,11598000.0,0.0,3.376,737905000.0
30,UAA,MRQ,2013-12-31,2013-12-31,2013-12-31,2021-08-05,2194000.0,1577741000.0,,1128811000.0,448930000.0,,2.474,-25772000.0,347489000.0,347489000.0,332403000.0,64166000.0,2.646,0.498,152923000.0,104972000.0,47951000.0,152923000.0,0.0,14497000.0,0.0,0.0,0.0,97965000.0,112462000.0,0.165,112462000.0,97965000.0,97159000.0,0.149,0.144,0.149,1053354000.0,,1053354000.0,9154986781.0,35.0,29.112,206639000.0,0.485,1.0,350353000.0,0.513,146341000.0,806000.0,810204000.0,,469006000.0,0.0,0.0,0.0,524387000.0,426630000.0,97757000.0,9287181781.0,161112000.0,-148097000.0,2376000.0,98741000.0,0.0,104510000.0,-173869000.0,0.0,232411000.0,-1940000.0,64166000.0,64166000.0,64166000.0,0.0,0.0,0.094,251886000.0,98467000.0,165456000.0,0.0,8.817,57.212,57.134,223952000.0,0.0,21.825,3.982,3.972,209952000.0,653842000.0,682756000.0,682756000.0,0.0,,,,,17598000.0,251886000.0,1.0,425529520.0,425817794,441661333.0,1.603,1431400000.0,69471000.0,32993000.0,0.0,3.362,702181000.0
31,UAA,MRQ,2013-09-30,2013-09-30,2013-09-30,2021-08-05,2422000.0,1396990000.0,,1122915000.0,274075000.0,,2.273,-22362000.0,186377000.0,186377000.0,373011000.0,72784000.0,3.372,0.445,54182000.0,5034000.0,49148000.0,54182000.0,0.0,12434000.0,0.0,0.0,0.0,120716000.0,133150000.0,0.184,133150000.0,120716000.0,120025000.0,0.169,0.169,0.169,966455000.0,,966455000.0,8271927374.0,34.0,28.107,-44227000.0,-0.104,1.0,350135000.0,0.484,3721000.0,691000.0,928090000.0,,497406000.0,0.0,0.0,0.0,430535000.0,332984000.0,97551000.0,8440270374.0,-37465000.0,0.0,2989000.0,-1317000.0,0.0,5987000.0,-22362000.0,0.0,-21865000.0,775000.0,72784000.0,72784000.0,72784000.0,0.0,0.0,0.101,229306000.0,120829000.0,184405000.0,0.0,8.733,56.915,56.75,201603000.0,0.0,19.863,3.916,3.918,353257000.0,590582000.0,723146000.0,723146000.0,0.0,,,,,6708000.0,229306000.0,1.0,424934946.0,425100746,434128300.0,1.701,1393269000.0,56577000.0,47241000.0,0.0,3.278,789931000.0
32,UAA,MRQ,2013-06-30,2013-06-30,2013-06-30,2021-08-05,-230000.0,1275388000.0,,1011955000.0,263433000.0,,2.068,-21367000.0,223842000.0,223842000.0,234910000.0,17566000.0,3.33,0.454,55499000.0,5112000.0,50387000.0,55499000.0,0.0,11776000.0,0.0,0.0,0.0,31513000.0,43289000.0,0.095,43289000.0,31513000.0,30802000.0,0.04,0.04,0.04,877007000.0,,877007000.0,6122799527.0,28.0,23.268,-37307000.0,-0.088,1.0,219631000.0,0.483,3798000.0,711000.0,799352000.0,,490943000.0,0.0,0.0,0.0,398381000.0,303895000.0,94486000.0,6318076527.0,-31880000.0,0.0,5068000.0,-1452000.0,0.0,8849000.0,-23542000.0,-1700000.0,-15940000.0,-1247000.0,17566000.0,17566000.0,17566000.0,0.0,0.0,0.039,187321000.0,32310000.0,217925000.0,0.0,7.204,47.565,46.942,190924000.0,0.0,14.928,3.148,3.154,212836000.0,517798000.0,454541000.0,454541000.0,0.0,,,,,6970000.0,187321000.0,1.0,423250814.0,424045315,432714346.0,1.072,1271590000.0,58685000.0,13236000.0,0.0,2.999,708060000.0
33,UAA,MRQ,2013-03-31,2013-03-31,2013-03-31,2021-08-05,24000.0,1140488000.0,,887441000.0,253047000.0,,1.995,-18329000.0,255722000.0,255722000.0,255057000.0,7814000.0,4.301,0.353,60445000.0,8787000.0,51658000.0,60445000.0,0.0,11842000.0,0.0,0.0,0.0,13732000.0,25574000.0,0.054,25574000.0,13732000.0,13007000.0,0.02,0.02,0.02,843158000.0,,843158000.0,5122294706.0,26.0,21.149,-92865000.0,-0.22,1.0,216551000.0,0.459,3842000.0,725000.0,735040000.0,,323509000.0,0.0,0.0,0.0,297330000.0,206329000.0,91001000.0,5402246706.0,-86119000.0,0.0,4670000.0,-1443000.0,0.0,7449000.0,-18329000.0,0.0,-74536000.0,-703000.0,7814000.0,7814000.0,7814000.0,0.0,0.0,0.017,203059000.0,13492000.0,127327000.0,0.0,6.407,44.306,43.686,180591000.0,0.0,12.8,2.811,2.814,246218000.0,500946000.0,471608000.0,471608000.0,0.0,,,,,11908000.0,203059000.0,1.0,422050524.0,422566907,431421243.0,1.116,1136646000.0,51046000.0,5193000.0,0.0,2.69,681112000.0
34,UAA,MRQ,2012-12-31,2012-12-31,2012-12-31,2021-08-05,2368000.0,1157083000.0,,903598000.0,253485000.0,,1.937,-13100000.0,341841000.0,341841000.0,251628000.0,50132000.0,3.582,0.416,61889000.0,9132000.0,52757000.0,61889000.0,0.0,11327000.0,0.0,0.0,0.0,80958000.0,92285000.0,0.182,92285000.0,80958000.0,79753000.0,0.122,0.119,0.122,816922000.0,,816922000.0,5029991582.0,24.0,19.984,192673000.0,0.457,1.0,254235000.0,0.503,4483000.0,1205000.0,620420000.0,,319286000.0,0.0,0.0,0.0,340161000.0,252228000.0,87933000.0,5114804582.0,184794000.0,0.0,1583000.0,-14857000.0,0.0,-11625000.0,-9215000.0,0.0,205773000.0,-139000.0,50132000.0,50132000.0,50132000.0,0.0,0.0,0.099,172643000.0,81592000.0,143689000.0,0.0,6.261,39.718,39.391,180850000.0,0.0,12.133,2.787,2.779,175524000.0,493181000.0,505863000.0,505863000.0,0.0,,,,,4690000.0,172643000.0,1.0,421578783.0,421720950,431231909.0,1.2,1152600000.0,45657000.0,29621000.0,0.0,2.733,651370000.0
35,UAA,MRQ,2012-09-30,2012-09-30,2012-09-30,2021-08-05,1496000.0,1078639000.0,,842302000.0,236337000.0,,1.801,-13990000.0,157047000.0,157047000.0,294805000.0,57317000.0,3.318,0.422,72234000.0,41552000.0,30682000.0,72234000.0,0.0,11041000.0,0.0,0.0,0.0,90949000.0,101990000.0,0.177,101990000.0,90949000.0,89646000.0,0.137,0.134,0.137,758380000.0,,758380000.0,5804462077.0,32.0,25.791,6833000.0,0.016,1.0,280391000.0,0.487,4815000.0,1303000.0,735170000.0,,312158000.0,0.0,0.0,0.0,320259000.0,253841000.0,66418000.0,5873504077.0,14119000.0,0.0,3341000.0,-1652000.0,0.0,5215000.0,-13760000.0,0.0,20823000.0,1841000.0,57317000.0,57317000.0,57317000.0,0.0,0.0,0.1,189411000.0,90980000.0,112187000.0,0.0,7.745,52.82,52.472,170157000.0,0.0,13.957,3.391,3.393,311001000.0,443437000.0,575196000.0,575196000.0,0.0,,,,,4805000.0,189411000.0,1.0,420813475.0,421024045,430208706.0,1.366,1073824000.0,39914000.0,32329000.0,0.0,2.551,588461000.0
36,UAA,MRQ,2012-06-30,2012-06-30,2012-06-30,2021-08-05,884000.0,1004689000.0,,777295000.0,227394000.0,,1.64,-14721000.0,142928000.0,142928000.0,200006000.0,6668000.0,3.09,0.458,73886000.0,42387000.0,31499000.0,73886000.0,0.0,10123000.0,0.0,0.0,0.0,12230000.0,22353000.0,0.06,22353000.0,12230000.0,10910000.0,0.015,0.015,0.015,689133000.0,,689133000.0,4929161309.0,30.0,23.919,31492000.0,0.075,1.0,169467000.0,0.459,5222000.0,1320000.0,678887000.0,,380895000.0,0.0,0.0,0.0,315556000.0,251538000.0,64018000.0,4960432309.0,35876000.0,0.0,2984000.0,-1895000.0,0.0,4282000.0,-14919000.0,0.0,46213000.0,300000.0,6668000.0,6668000.0,6668000.0,0.0,0.0,0.018,157747000.0,11720000.0,145649000.0,0.0,7.198,49.67,49.004,163829000.0,0.0,11.81,3.057,3.059,175249000.0,386454000.0,369473000.0,369473000.0,0.0,,,,,3932000.0,157747000.0,1.0,420019671.0,420254629,426893366.0,0.879,999467000.0,39206000.0,4242000.0,0.0,2.378,525757000.0
37,UAA,MRQ,2012-03-31,2012-03-31,2012-03-31,2021-08-05,2162000.0,920237000.0,,694102000.0,226135000.0,,1.611,-8839000.0,107052000.0,107052000.0,209185000.0,14661000.0,3.799,0.365,75781000.0,43330000.0,32451000.0,75781000.0,0.0,10591000.0,0.0,0.0,0.0,24485000.0,35076000.0,0.091,35076000.0,24485000.0,23130000.0,0.035,0.035,0.035,674088000.0,,674088000.0,4802811024.0,29.0,23.678,-81887000.0,-0.196,1.0,175204000.0,0.456,4648000.0,1355000.0,701624000.0,,324354000.0,0.0,0.0,0.0,246149000.0,182694000.0,63455000.0,4900471024.0,-68332000.0,0.0,6868000.0,-1943000.0,0.0,14425000.0,-9037000.0,0.0,-73048000.0,-672000.0,14661000.0,14661000.0,14661000.0,0.0,0.0,0.038,150801000.0,24403000.0,95844000.0,0.0,7.27,49.28,48.755,158482000.0,0.0,11.75,3.173,3.183,196411000.0,380248000.0,384389000.0,384389000.0,0.0,,,,,6418000.0,150801000.0,1.0,417061364.0,418333101,425817794.0,0.919,915589000.0,34625000.0,8469000.0,0.0,2.189,511408000.0
38,UAA,MRQ,2011-12-31,2011-12-31,2011-12-31,2021-08-05,2028000.0,919210000.0,,689663000.0,229547000.0,,1.528,11905000.0,175384000.0,175384000.0,195221000.0,32552000.0,3.756,0.444,77724000.0,6882000.0,70842000.0,77724000.0,0.0,10333000.0,0.0,0.0,0.0,55303000.0,65636000.0,0.163,65636000.0,55303000.0,53890000.0,0.079,0.077,0.079,636432000.0,,636432000.0,3780478585.0,24.0,19.19,153207000.0,0.368,1.0,207905000.0,0.516,5535000.0,1413000.0,632408000.0,,324409000.0,0.0,0.0,0.0,282778000.0,183607000.0,99171000.0,3738821585.0,107525000.0,-23164000.0,4325000.0,-31792000.0,0.0,-24164000.0,-11563000.0,-162000.0,141302000.0,1950000.0,32552000.0,32552000.0,32552000.0,0.0,0.0,0.081,152603000.0,55302000.0,100527000.0,0.0,5.875,38.577,38.514,159135000.0,0.0,8.974,2.539,2.532,134043000.0,366164000.0,403126000.0,403126000.0,0.0,,,,,4471000.0,152603000.0,1.0,416639820.0,416476025,424371615.0,0.968,913675000.0,32069000.0,21338000.0,0.0,2.194,506056000.0
39,UAA,MRQ,2011-09-30,2011-09-30,2011-09-30,2021-08-05,2321000.0,900138000.0,,672004000.0,228134000.0,,1.425,-37950000.0,67859000.0,67859000.0,240422000.0,45987000.0,3.21,0.52,109516000.0,36046000.0,73470000.0,109516000.0,0.0,9238000.0,0.0,0.0,0.0,73772000.0,83010000.0,0.178,83010000.0,73772000.0,72220000.0,0.112,0.109,0.112,592065000.0,,592065000.0,3365217603.0,24.0,19.28,-80361000.0,-0.193,1.0,225101000.0,0.484,2916000.0,1552000.0,729515000.0,,318888000.0,0.0,0.0,0.0,308073000.0,209364000.0,98709000.0,3448044603.0,-51825000.0,0.0,1264000.0,33342000.0,0.0,35303000.0,-42597000.0,240000.0,-42411000.0,-2120000.0,45987000.0,45987000.0,45987000.0,0.0,0.0,0.099,150136000.0,74965000.0,103343000.0,0.0,5.824,39.49,39.342,163256000.0,0.0,8.301,2.515,2.516,235907000.0,333612000.0,465523000.0,465523000.0,0.0,,,,,6458000.0,150136000.0,1.0,415364506.0,415388370,423199360.0,1.121,897222000.0,39455000.0,26233000.0,0.0,2.16,462640000.0
40,UAA,MRQ,2011-06-30,2011-06-30,2011-06-30,2021-08-05,3039000.0,766189000.0,,621327000.0,144862000.0,,1.296,-19337000.0,119684000.0,119684000.0,156557000.0,6241000.0,3.601,0.423,36857000.0,5567000.0,31290000.0,36857000.0,0.0,8117000.0,0.0,0.0,0.0,10996000.0,19113000.0,0.066,19113000.0,10996000.0,10699000.0,0.015,0.015,0.015,538466000.0,,538466000.0,3928552449.0,32.0,25.202,-17513000.0,-0.042,1.0,134779000.0,0.463,3449000.0,297000.0,507360000.0,,311066000.0,0.0,0.0,0.0,227723000.0,172553000.0,55170000.0,4025752449.0,8840000.0,0.0,2230000.0,23212000.0,0.0,26365000.0,-19425000.0,-88000.0,1824000.0,76000.0,6241000.0,6241000.0,6241000.0,0.0,0.0,0.021,123421000.0,11358000.0,118237000.0,0.0,7.476,52.842,52.52,90719000.0,0.0,9.664,3.263,3.255,139590000.0,287813000.0,291336000.0,291336000.0,0.0,,,,,3819000.0,123421000.0,1.0,416582843.0,415605901,423114764.0,0.701,762740000.0,37229000.0,4458000.0,0.0,1.835,448774000.0
41,UAA,MRQ,2011-03-31,2011-03-31,2011-03-31,2021-08-05,2707000.0,691710000.0,,558104000.0,133606000.0,,1.267,-10846000.0,110844000.0,110844000.0,167648000.0,12139000.0,4.102,0.317,13644000.0,5984000.0,7660000.0,13644000.0,0.0,8613000.0,0.0,0.0,0.0,20632000.0,29245000.0,0.094,29245000.0,20632000.0,20053000.0,0.03,0.029,0.03,525175000.0,,525175000.0,3319074586.0,28.0,21.945,-96343000.0,-0.232,1.0,145051000.0,0.464,3982000.0,579000.0,454472000.0,,248614000.0,0.0,0.0,0.0,166535000.0,136056000.0,30479000.0,3507002586.0,-93026000.0,0.0,6826000.0,-3860000.0,0.0,8303000.0,-15851000.0,-3852000.0,-85497000.0,19000.0,12139000.0,12139000.0,12139000.0,0.0,0.0,0.039,123909000.0,21142000.0,88678000.0,0.0,6.678,47.749,48.058,80298000.0,0.0,8.506,3.057,3.073,163385000.0,281825000.0,312699000.0,312699000.0,0.0,,,,,3315000.0,123909000.0,1.0,412285389.0,414469904,422059334.0,0.754,687728000.0,37004000.0,7914000.0,0.0,1.659,422048000.0
42,UAA,MRQ,2010-12-31,2010-12-31,2010-12-31,2021-08-05,2041000.0,675378000.0,,555850000.0,119528000.0,,1.208,-7649000.0,203870000.0,203870000.0,145588000.0,22948000.0,3.727,0.359,15942000.0,6865000.0,9077000.0,15942000.0,0.0,8130000.0,0.0,0.0,0.0,35048000.0,43178000.0,0.143,43178000.0,35048000.0,34458000.0,0.055,0.056,0.055,496966000.0,,496966000.0,2701084123.0,24.0,18.955,74372000.0,0.181,1.0,155578000.0,0.517,3914000.0,590000.0,334389000.0,,215355000.0,0.0,0.0,0.0,178412000.0,149147000.0,29265000.0,2816477123.0,69934000.0,0.0,3539000.0,-2600000.0,0.0,2534000.0,-18927000.0,-11125000.0,82021000.0,4306000.0,22948000.0,22948000.0,22948000.0,0.0,0.0,0.076,120388000.0,35190000.0,84679000.0,0.0,5.667,41.13,41.295,76127000.0,0.0,6.855,2.647,2.637,102034000.0,270021000.0,301166000.0,301166000.0,0.0,,,,,6181000.0,120388000.0,1.0,410864642.0,411545314,418828590.0,0.732,671464000.0,36540000.0,11510000.0,0.0,1.632,406703000.0
43,UAA,MRQ,2010-09-30,2010-09-30,2010-09-30,2021-08-05,1028000.0,642863000.0,,536345000.0,106518000.0,,1.125,-7324000.0,133936000.0,133936000.0,161196000.0,34857000.0,3.521,0.393,18543000.0,8067000.0,10476000.0,18543000.0,0.0,7842000.0,0.0,0.0,0.0,56505000.0,64347000.0,0.196,64347000.0,56505000.0,55963000.0,0.084,0.084,0.084,461391000.0,,461391000.0,2168459685.0,21.0,16.249,-26906000.0,-0.066,1.0,167372000.0,0.509,4148000.0,542000.0,370988000.0,,196170000.0,0.0,0.0,0.0,181472000.0,152334000.0,29138000.0,2308956685.0,-22153000.0,0.0,1486000.0,2950000.0,0.0,5585000.0,-7324000.0,0.0,-19582000.0,-832000.0,34857000.0,34857000.0,34857000.0,0.0,0.0,0.106,110683000.0,56689000.0,90815000.0,0.0,5.004,38.019,38.041,76559000.0,0.0,5.63,2.344,2.345,174207000.0,247074000.0,328568000.0,328568000.0,0.0,,,,,3778000.0,110683000.0,1.0,410116640.0,410296523,412246249.0,0.801,638715000.0,31460000.0,21106000.0,0.0,1.557,384011000.0
44,UAA,MRQ,2010-06-30,2010-06-30,2010-06-30,2021-08-05,3420000.0,570099000.0,,467550000.0,102549000.0,,1.035,-8055000.0,156089000.0,156089000.0,104860000.0,3502000.0,3.805,0.347,15592000.0,8186000.0,7406000.0,15592000.0,0.0,7752000.0,0.0,0.0,0.0,6725000.0,14477000.0,0.071,14477000.0,6725000.0,6145000.0,0.009,0.009,0.009,423115000.0,,423115000.0,1543351419.0,17.0,12.494,-8604000.0,-0.021,1.0,99926000.0,0.488,4657000.0,580000.0,302062000.0,,179150000.0,0.0,0.0,0.0,146984000.0,122883000.0,24101000.0,1691398419.0,-9873000.0,0.0,1421000.0,-2323000.0,0.0,-173000.0,-8055000.0,0.0,-549000.0,-1096000.0,3502000.0,3502000.0,3502000.0,0.0,0.0,0.017,93034000.0,6892000.0,81183000.0,0.0,3.997,32.492,32.354,74900000.0,0.0,4.141,1.827,1.829,96314000.0,212780000.0,204786000.0,204786000.0,0.0,,,,,2932000.0,93034000.0,1.0,408427025.0,408991334,411368066.0,0.501,565442000.0,29332000.0,2643000.0,0.0,1.383,344667000.0
45,UAA,MRQ,2010-03-31,2010-03-31,2010-03-31,2021-08-05,1597000.0,549251000.0,,447232000.0,102019000.0,,1.016,-7154000.0,165962000.0,165962000.0,121776000.0,7170000.0,4.007,0.33,17915000.0,8994000.0,8921000.0,17915000.0,0.0,7597000.0,0.0,0.0,0.0,12899000.0,20496000.0,0.089,20496000.0,12899000.0,12353000.0,0.017,0.017,0.017,412847000.0,,412847000.0,1322773772.0,15.0,11.138,-18930000.0,-0.047,1.0,107631000.0,0.469,5168000.0,546000.0,284418000.0,,147865000.0,0.0,0.0,0.0,136404000.0,111618000.0,24786000.0,1489847772.0,-21335000.0,0.0,889000.0,-2308000.0,0.0,-703000.0,-7479000.0,0.0,-11776000.0,-1377000.0,7170000.0,7170000.0,7170000.0,0.0,0.0,0.031,94047000.0,13584000.0,68586000.0,0.0,3.609,29.801,29.888,74539000.0,0.0,3.676,1.682,1.686,110332000.0,209278000.0,229407000.0,229407000.0,0.0,,,,,3336000.0,94047000.0,1.0,405262910.0,406211766,410191785.0,0.565,544083000.0,28326000.0,5183000.0,0.0,1.339,335614000.0
46,UAA,MRQ,2009-12-31,2009-12-31,2009-12-31,2021-08-05,464000.0,545588000.0,,448000000.0,97588000.0,,0.989,-3796000.0,187297000.0,187297000.0,108365000.0,15202000.0,3.728,0.364,20223000.0,9275000.0,10948000.0,20223000.0,0.0,7454000.0,0.0,0.0,0.0,26675000.0,34129000.0,0.154,34129000.0,26675000.0,26240000.0,0.037,0.037,0.037,399997000.0,,399997000.0,1302680794.0,15.0,11.527,89588000.0,0.222,1.0,113852000.0,0.512,5681000.0,435000.0,252671000.0,,148488000.0,0.0,0.0,0.0,145591000.0,120162000.0,25429000.0,1377779794.0,93921000.0,0.0,797000.0,1946000.0,0.0,3604000.0,-3796000.0,0.0,93384000.0,729000.0,15202000.0,15202000.0,15202000.0,0.0,0.0,0.068,86919000.0,26933000.0,68710000.0,0.0,3.444,29.449,29.135,72926000.0,0.0,3.409,1.609,1.599,79356000.0,202188000.0,222217000.0,222217000.0,0.0,,,,,5150000.0,86919000.0,1.0,404189158.0,404439290,409643929.0,0.549,539907000.0,26778000.0,11038000.0,0.0,1.335,327838000.0
47,UAA,MRQ,2009-09-30,2009-09-30,2009-09-30,2021-08-05,-45000.0,516068000.0,,419391000.0,96677000.0,,0.936,-4485000.0,93376000.0,93376000.0,136226000.0,26182000.0,3.636,0.367,18277000.0,8292000.0,9985000.0,18277000.0,0.0,7262000.0,0.0,0.0,0.0,47159000.0,54421000.0,0.202,54421000.0,47159000.0,46693000.0,0.065,0.065,0.065,377514000.0,,377514000.0,1341825873.0,18.0,13.033,13870000.0,0.034,1.0,133320000.0,0.495,6203000.0,466000.0,319416000.0,,152753000.0,0.0,0.0,0.0,138554000.0,115350000.0,23204000.0,1401034873.0,13834000.0,0.0,1310000.0,-2056000.0,0.0,203000.0,-4515000.0,0.0,18355000.0,-209000.0,26182000.0,26182000.0,26182000.0,0.0,0.0,0.097,86257000.0,47063000.0,59257000.0,0.0,3.711,35.11,35.139,73557000.0,0.0,3.479,1.722,1.724,145043000.0,186986000.0,269546000.0,269546000.0,0.0,,,,,2488000.0,86257000.0,1.0,402740890.0,403206609,408870483.0,0.669,509865000.0,24256000.0,20511000.0,0.0,1.265,304041000.0
48,UAA,MRQ,2009-06-30,2009-06-30,2009-06-30,2021-08-05,325000.0,481704000.0,,385891000.0,95813000.0,,0.868,-3501000.0,79542000.0,79542000.0,90919000.0,1439000.0,3.566,0.386,20333000.0,8276000.0,12057000.0,20333000.0,0.0,6701000.0,0.0,0.0,0.0,3019000.0,9720000.0,0.059,9720000.0,3019000.0,2436000.0,0.004,0.004,0.004,347668000.0,,347668000.0,1070571456.0,14.0,10.803,5594000.0,0.014,1.0,73729000.0,0.448,6724000.0,583000.0,307570000.0,,181365000.0,0.0,0.0,0.0,134036000.0,108201000.0,25835000.0,1117490456.0,13970000.0,0.0,2329000.0,1680000.0,0.0,7125000.0,-3506000.0,0.0,9095000.0,1256000.0,1439000.0,1439000.0,1439000.0,0.0,0.0,0.009,70348000.0,3381000.0,70174000.0,0.0,3.214,28.374,28.258,74753000.0,0.0,2.797,1.44,1.445,85421000.0,161412000.0,164648000.0,164648000.0,0.0,,,,,2615000.0,70348000.0,1.0,399460395.0,400628459,407484727.0,0.411,474980000.0,26013000.0,997000.0,0.0,1.186,277690000.0
49,UAA,MRQ,2009-03-31,2009-03-31,2009-03-31,2021-08-05,683000.0,458316000.0,,364206000.0,94110000.0,,0.851,-8063000.0,65572000.0,65572000.0,110776000.0,3962000.0,3.742,0.353,18653000.0,7311000.0,11342000.0,18653000.0,0.0,6832000.0,0.0,0.0,0.0,7909000.0,14741000.0,0.074,14741000.0,7909000.0,7049000.0,0.01,0.01,0.01,338758000.0,,338758000.0,759746798.0,10.0,7.796,-9856000.0,-0.025,1.0,89224000.0,0.446,5064000.0,860000.0,309001000.0,,164426000.0,0.0,0.0,0.0,119558000.0,97332000.0,22226000.0,816197798.0,-36470000.0,0.0,692000.0,-28292000.0,0.0,-27399000.0,-8063000.0,0.0,-1793000.0,785000.0,3962000.0,3962000.0,3962000.0,0.0,0.0,0.02,81328000.0,7896000.0,61901000.0,0.0,2.409,20.757,20.745,76085000.0,0.0,2.054,1.063,1.065,105999000.0,159973000.0,200000000.0,200000000.0,0.0,,,,,2657000.0,81328000.0,1.0,397418283.0,398163102,406300390.0,0.502,453252000.0,22675000.0,3087000.0,0.0,1.138,266874000.0
50,UAA,MRQ,2008-12-31,2008-12-31,2008-12-31,2021-08-05,405000.0,487555000.0,,396423000.0,91132000.0,,0.834,-7732000.0,102042000.0,102042000.0,90244000.0,8321000.0,2.978,0.473,45591000.0,32433000.0,13158000.0,45591000.0,0.0,5864000.0,0.0,0.0,0.0,18212000.0,24076000.0,0.134,24076000.0,18212000.0,17860000.0,0.021,0.021,0.021,331097000.0,,331097000.0,1180846379.0,17.0,12.822,55231000.0,0.139,1.0,89035000.0,0.497,5470000.0,352000.0,292524000.0,,182232000.0,0.0,0.0,0.0,156458000.0,133110000.0,23348000.0,1183434379.0,61890000.0,0.0,433000.0,8027000.0,0.0,8700000.0,-8357000.0,0.0,62963000.0,-1416000.0,8321000.0,8321000.0,8321000.0,0.0,0.0,0.046,64648000.0,24387000.0,72435000.0,0.0,3.574,30.956,30.722,73548000.0,0.0,2.98,1.632,1.625,81302000.0,156011000.0,179279000.0,179279000.0,0.0,,,,,2588000.0,66162000.0,1.0,397125631.0,397164068,406098971.0,0.451,482085000.0,21511000.0,9539000.0,0.0,1.214,263313000.0
51,UAA,MRQ,2008-09-30,2008-09-30,2008-09-30,2021-08-05,572000.0,474886000.0,,387785000.0,87101000.0,,0.806,-11092000.0,40152000.0,40152000.0,113679000.0,25663000.0,2.989,0.485,37564000.0,22602000.0,14962000.0,37564000.0,0.0,5710000.0,0.0,0.0,0.0,44854000.0,50564000.0,0.218,50564000.0,44854000.0,44743000.0,0.065,0.063,0.065,319775000.0,,319775000.0,1590782842.0,20.0,15.898,17907000.0,0.045,1.0,118267000.0,0.51,5877000.0,111000.0,336697000.0,,163612000.0,0.0,0.0,0.0,155111000.0,129724000.0,25387000.0,1574532842.0,26827000.0,0.0,429000.0,7989000.0,0.0,8793000.0,-11168000.0,0.0,28999000.0,203000.0,25663000.0,25663000.0,25663000.0,0.0,0.0,0.111,73413000.0,44854000.0,63265000.0,0.0,4.924,33.656,33.361,70645000.0,0.0,3.97,2.184,2.184,151086000.0,147690000.0,231946000.0,231946000.0,0.0,,,,,2366000.0,71788000.0,1.0,396607769.0,396527588,406340673.0,0.585,469009000.0,20067000.0,19080000.0,10656000.0,1.183,258061000.0
52,UAA,MRQ,2008-06-30,2008-06-30,2008-06-30,2021-08-05,651000.0,417453000.0,,333199000.0,84254000.0,,0.737,-11029000.0,13325000.0,13325000.0,85773000.0,1375000.0,3.343,0.435,29575000.0,12800000.0,16775000.0,29575000.0,0.0,5283000.0,0.0,0.0,0.0,2785000.0,8068000.0,0.051,8068000.0,2785000.0,2488000.0,0.004,0.004,0.004,290851000.0,,290851000.0,1265269602.0,18.0,14.401,-16643000.0,-0.042,1.0,70904000.0,0.453,5697000.0,297000.0,328330000.0,,183909000.0,0.0,0.0,0.0,126602000.0,99676000.0,26926000.0,1264045602.0,-4266000.0,0.0,581000.0,10760000.0,0.0,12593000.0,-11122000.0,0.0,-5614000.0,-123000.0,1375000.0,1375000.0,1375000.0,0.0,0.0,0.009,68119000.0,2785000.0,57803000.0,0.0,4.346,30.718,29.953,66010000.0,0.0,3.205,1.871,1.872,102659000.0,122027000.0,156677000.0,156677000.0,0.0,,,,,1984000.0,67630000.0,1.0,394398004.0,394771223,405091882.0,0.397,411756000.0,26422000.0,1113000.0,474000.0,1.043,233523000.0
53,UAA,MRQ,2008-03-31,2008-03-31,2008-03-31,2021-08-05,662000.0,388529000.0,,311307000.0,77222000.0,,0.726,-8720000.0,17591000.0,17591000.0,82507000.0,2870000.0,3.823,0.359,18815000.0,6008000.0,12807000.0,18815000.0,0.0,4490000.0,0.0,0.0,0.0,4899000.0,9389000.0,0.06,9389000.0,4899000.0,4809000.0,0.007,0.007,0.007,285805000.0,,285805000.0,1770781118.0,23.0,19.122,-25552000.0,-0.065,1.0,74835000.0,0.476,6083000.0,90000.0,302248000.0,,167949000.0,0.0,0.0,0.0,102724000.0,81422000.0,21302000.0,1797037118.0,-22997000.0,0.0,547000.0,4484000.0,0.0,5295000.0,-11419000.0,0.0,-16832000.0,-41000.0,2870000.0,2870000.0,2870000.0,0.0,0.0,0.018,69936000.0,4899000.0,48236000.0,0.0,6.288,39.507,38.771,57403000.0,0.0,4.575,2.81,2.814,101991000.0,120652000.0,157342000.0,157342000.0,0.0,,,,,1528000.0,70536000.0,1.0,392794998.0,393425751,404842123.0,0.4,382446000.0,22009000.0,1939000.0,2986000.0,0.972,229885000.0
54,UAA,MRQ,2007-12-31,2007-12-31,2007-12-31,2021-08-05,507000.0,390613000.0,,322245000.0,68368000.0,,0.702,-7722000.0,40588000.0,40588000.0,83991000.0,16875000.0,3.367,0.393,14332000.0,4576000.0,9756000.0,14332000.0,0.0,4626000.0,0.0,0.0,0.0,27415000.0,32041000.0,0.183,32041000.0,27415000.0,28164000.0,0.043,0.042,0.043,280485000.0,,280485000.0,2137523224.0,24.0,20.77,24550000.0,0.061,1.0,90847000.0,0.52,6470000.0,-749000.0,262188000.0,,166082000.0,0.0,0.0,0.0,110128000.0,95699000.0,14429000.0,2137381224.0,26115000.0,0.0,569000.0,-284000.0,0.0,1357000.0,-7722000.0,0.0,32272000.0,208000.0,16875000.0,16875000.0,16875000.0,0.0,0.0,0.097,63432000.0,27415000.0,55012000.0,0.0,7.62,40.667,40.435,52332000.0,0.0,5.459,3.524,3.505,93515000.0,117782000.0,174838000.0,174838000.0,0.0,,,,,1216000.0,62593000.0,1.0,391551403.0,399629423,409096073.0,0.438,384143000.0,18591000.0,11289000.0,0.0,0.961,226546000.0
55,UAA,MRQ,2007-09-30,2007-09-30,2007-09-30,2021-08-05,358000.0,384270000.0,,319975000.0,64295000.0,,0.672,-10013000.0,14473000.0,14473000.0,92346000.0,20030000.0,2.707,0.474,14615000.0,12612000.0,2003000.0,14615000.0,0.0,3880000.0,0.0,0.0,0.0,34483000.0,38363000.0,0.205,38363000.0,34483000.0,34483000.0,0.052,0.05,0.052,260779000.0,,260779000.0,2897895108.0,37.0,31.857,-24420000.0,-0.063,1.0,94517000.0,0.506,6856000.0,0.0,259368000.0,,151760000.0,0.0,0.0,0.0,123491000.0,118188000.0,5303000.0,2918065108.0,-11203000.0,0.0,907000.0,9108000.0,0.0,13033000.0,-10013000.0,0.0,-14407000.0,184000.0,20030000.0,20030000.0,20030000.0,0.0,0.0,0.107,60034000.0,34483000.0,67022000.0,0.0,11.19,61.389,60.302,47624000.0,0.0,7.478,5.146,5.119,128334000.0,100907000.0,186863000.0,186863000.0,0.0,,,,,1229000.0,60708000.0,1.0,390246086.0,388196940,403520821.0,0.481,377414000.0,19888000.0,14453000.0,5679000.0,0.972,201787000.0
56,UAA,MRQ,2007-06-30,2007-06-30,2007-06-30,2021-08-05,48000.0,317862000.0,,261543000.0,56319000.0,,0.609,-8182000.0,25676000.0,25676000.0,61432000.0,5712000.0,3.37,0.351,5506000.0,3048000.0,2458000.0,5506000.0,0.0,3144000.0,0.0,0.0,0.0,9665000.0,12809000.0,0.106,12809000.0,9665000.0,9665000.0,0.015,0.014,0.015,235271000.0,,235271000.0,2163744420.0,33.0,27.936,-32428000.0,-0.084,1.0,59099000.0,0.49,7242000.0,0.0,212850000.0,,128760000.0,0.0,0.0,0.0,82591000.0,77600000.0,4991000.0,2214516420.0,-31526000.0,0.0,853000.0,-923000.0,0.0,940000.0,-8307000.0,0.0,-24246000.0,87000.0,5712000.0,5712000.0,5712000.0,0.0,0.0,0.047,49434000.0,9665000.0,54273000.0,0.0,9.413,50.939,50.055,40948000.0,0.0,5.706,4.36,4.343,83088000.0,80877000.0,120531000.0,120531000.0,0.0,,,,,995000.0,50934000.0,1.0,388086120.0,386521142,401909477.0,0.312,310620000.0,20818000.0,3953000.0,0.0,0.804,183943000.0
57,UAA,MRQ,2007-03-31,2007-03-31,2007-03-31,2021-08-05,-42000.0,289318000.0,,238869000.0,50449000.0,,0.591,-8042000.0,57202000.0,57202000.0,63748000.0,9941000.0,4.17,0.277,6430000.0,3469000.0,2961000.0,6430000.0,0.0,2972000.0,0.0,0.0,0.0,16731000.0,19703000.0,0.158,19703000.0,16731000.0,16731000.0,0.026,0.025,0.026,226623000.0,,226623000.0,2407637289.0,40.0,34.083,-16289000.0,-0.042,1.0,60581000.0,0.487,7500000.0,0.0,173758000.0,,80068000.0,0.0,0.0,0.0,62695000.0,57288000.0,5407000.0,2472035289.0,-13453000.0,0.0,853000.0,173000.0,0.0,2818000.0,-8042000.0,0.0,-8247000.0,18000.0,9941000.0,9941000.0,9941000.0,0.0,0.0,0.08,43850000.0,16731000.0,35964000.0,0.0,10.908,61.515,60.495,35423000.0,0.0,6.412,5.29,5.264,84553000.0,75165000.0,124329000.0,124329000.0,0.0,,,,,742000.0,44544000.0,1.0,385502579.0,383652950,401369677.0,0.324,281818000.0,15220000.0,6790000.0,1966000.0,0.735,181581000.0
58,UAA,MRQ,2006-12-31,2006-12-31,2006-12-31,2021-08-05,-103000.0,289368000.0,,244952000.0,44416000.0,,0.562,-4158000.0,70655000.0,70655000.0,66877000.0,11851000.0,3.423,0.35,6257000.0,3442000.0,2815000.0,6257000.0,0.0,3050000.0,0.0,0.0,0.0,17040000.0,20090000.0,0.149,20090000.0,17040000.0,18497000.0,0.031,0.03,0.031,214388000.0,,214388000.0,2383336982.0,41.0,35.333,22399000.0,0.059,1.0,68406000.0,0.506,7875000.0,-1457000.0,145532000.0,,81031000.0,0.0,0.0,0.0,74980000.0,71563000.0,3417000.0,2420374982.0,26398000.0,0.0,755000.0,-1222000.0,0.0,4327000.0,-4158000.0,0.0,26557000.0,-328000.0,11851000.0,11851000.0,11851000.0,0.0,0.0,0.088,51366000.0,17040000.0,42718000.0,0.0,11.29,62.094,61.226,29923000.0,0.0,6.306,5.62,5.543,71867000.0,66376000.0,135283000.0,135283000.0,0.0,,,,,690000.0,50661000.0,1.0,383805745.0,381791847,401321337.0,0.354,281493000.0,17635000.0,6646000.0,0.0,0.737,173389000.0
59,UAA,MRQ,2006-09-30,2006-09-30,2006-09-30,2021-08-05,-23000.0,264969000.0,,229775000.0,35194000.0,,0.517,-2559000.0,44257000.0,44257000.0,63070000.0,15970000.0,3.559,0.349,7219000.0,3626000.0,3593000.0,7219000.0,0.0,2691000.0,0.0,0.0,0.0,22160000.0,24851000.0,0.195,24851000.0,22160000.0,22160000.0,0.042,0.04,0.042,196413000.0,,196413000.0,1877868330.0,37.0,31.573,-20000.0,0.0,1.0,64675000.0,0.506,8250000.0,0.0,155114000.0,,74972000.0,0.0,0.0,0.0,68556000.0,64567000.0,3989000.0,1911534330.0,2339000.0,0.0,1345000.0,-1033000.0,0.0,2566000.0,-2559000.0,0.0,2539000.0,-207000.0,15970000.0,15970000.0,15970000.0,0.0,0.0,0.125,42515000.0,22160000.0,38302000.0,0.0,9.732,62.446,60.271,25804000.0,0.0,5.003,4.995,4.967,89667000.0,54525000.0,127745000.0,127745000.0,0.0,,,,,608000.0,42692000.0,1.0,382115808.0,379987142,399605255.0,0.336,256719000.0,13183000.0,6190000.0,0.0,0.676,165208000.0
60,UAA,MRQ,2006-06-30,2006-06-30,2006-06-30,2021-08-05,-79000.0,229083000.0,,202634000.0,26449000.0,,0.444,-3810000.0,41918000.0,41918000.0,41758000.0,2424000.0,3.578,0.366,8252000.0,3815000.0,4437000.0,8252000.0,0.0,2245000.0,0.0,0.0,0.0,3752000.0,5997000.0,0.075,5997000.0,3752000.0,3752000.0,0.006,0.006,0.006,167682000.0,,167682000.0,1971114138.0,46.0,38.756,-20408000.0,-0.054,1.0,38207000.0,0.478,0.0,0.0,138780000.0,,80220000.0,0.0,0.0,0.0,61401000.0,56637000.0,4764000.0,2020956138.0,-16374000.0,0.0,763000.0,-198000.0,0.0,3996000.0,-3810000.0,0.0,-16598000.0,38000.0,2424000.0,2424000.0,2424000.0,0.0,0.0,0.03,34455000.0,3752000.0,38890000.0,0.0,12.052,90.109,79.515,25287000.0,0.0,5.327,5.917,5.893,63244000.0,38556000.0,79965000.0,79965000.0,0.0,,,,,440000.0,35197000.0,1.0,379344184.0,377811828,398292010.0,0.212,229083000.0,10842000.0,1328000.0,0.0,0.606,145997000.0
61,UAA,MRQ,2006-03-31,2006-03-31,2006-03-31,2021-08-05,-5000.0,211231000.0,,186480000.0,24751000.0,,0.429,-4588000.0,58292000.0,58292000.0,43384000.0,8734000.0,4.085,0.314,8450000.0,3845000.0,4605000.0,8450000.0,0.0,1838000.0,0.0,0.0,0.0,14678000.0,16516000.0,0.188,16516000.0,14678000.0,14678000.0,0.024,0.022,0.024,160700000.0,,160700000.0,1477900752.0,35.0,29.608,-6385000.0,-0.017,1.0,44312000.0,0.505,0.0,0.0,115739000.0,,53475000.0,0.0,0.0,0.0,50531000.0,45650000.0,4881000.0,1532486752.0,-4685000.0,0.0,681000.0,59000.0,0.0,1690000.0,-4588000.0,0.0,-1797000.0,10000.0,8734000.0,8734000.0,8734000.0,0.0,0.0,0.1,29634000.0,14678000.0,24761000.0,0.0,9.536,72.168,62.308,23659000.0,0.0,4.05,4.935,4.884,63217000.0,36132000.0,87696000.0,87696000.0,0.0,,,,,244000.0,30132000.0,1.0,378391791.0,374524686,398799583.0,0.234,211231000.0,6433000.0,5944000.0,4753000.0,0.564,140830000.0
62,UAA,MRQ,2005-12-31,2005-12-31,2005-12-31,2021-08-05,-3000.0,203687000.0,,181790000.0,21897000.0,,0.455,-2606000.0,62977000.0,62977000.0,44807000.0,6994000.0,3.813,0.35,8391000.0,3808000.0,4583000.0,8391000.0,0.0,2164000.0,0.0,0.0,0.0,9949000.0,12113000.0,0.139,12113000.0,9949000.0,12073000.0,0.011,0.009,0.011,150830000.0,,150830000.0,1845388484.0,56.0,46.695,10692000.0,0.032,1.0,42496000.0,0.487,0.0,-2124000.0,101429000.0,,53607000.0,0.0,0.0,0.0,52857000.0,47672000.0,5185000.0,1789170484.0,62653000.0,0.0,112730000.0,-48878000.0,0.0,51975000.0,-2606000.0,0.0,13298000.0,-14000.0,6994000.0,3483000.0,3483000.0,0.0,0.0,0.04,32547000.0,9949000.0,31699000.0,0.0,11.862,124.144,99.766,20865000.0,3511000.0,4.789,6.366,5.107,53132000.0,28067000.0,87303000.0,87303000.0,0.0,,,,,683000.0,29711000.0,1.0,373619521.0,331799899,358942990.0,0.263,203687000.0,6822000.0,5079000.0,1046000.0,0.614,134118000.0
63,UAA,MRQ,2005-09-30,2005-09-30,2005-09-30,2021-08-05,11000.0,144523000.0,,122376000.0,22147000.0,,0.115,-3425000.0,324000.0,324000.0,43641000.0,8386000.0,1.642,3.031,56542000.0,29587000.0,26955000.0,56542000.0,0.0,1750000.0,0.0,,0.0,14483000.0,16233000.0,0.187,16233000.0,14483000.0,13647000.0,0.026,0.025,0.026,33750000.0,,33750000.0,,,,-8101000.0,-0.027,1.0,42965000.0,0.496,0.0,836000.0,126212000.0,,50277000.0,0.0,0.0,0.0,102285000.0,74529000.0,27756000.0,,-198000.0,0.0,251000.0,7602000.0,0.0,7953000.0,-3425000.0,0.0,-4676000.0,-50000.0,8386000.0,7787000.0,7787000.0,0.0,0.0,0.09,28482000.0,14483000.0,29583000.0,0.0,,,,20192000.0,599000.0,,,,61880000.0,24584000.0,86606000.0,86606000.0,0.0,,,,,319000.0,28482000.0,1.0,373619521.0,294642307,316822457.0,0.294,144523000.0,8185000.0,5261000.0,4693000.0,0.491,47847000.0
64,UAA,MRQ,2005-06-30,2005-06-30,2005-06-30,2021-08-05,,,,,,,,-1333000.0,,,24406000.0,1830000.0,,,,,,,,1409000.0,,,0.0,3645000.0,5054000.0,0.103,5054000.0,3645000.0,2946000.0,0.004,0.004,0.004,,,,,,,3873000.0,0.013,1.0,24551000.0,0.501,,699000.0,,,,,,,,,,,-157000.0,0.0,541000.0,-4547000.0,0.0,-4003000.0,-1333000.0,0.0,5206000.0,-27000.0,1830000.0,1231000.0,1231000.0,0.0,0.0,0.025,20906000.0,3645000.0,,0.0,,,,,599000.0,,,,,,48957000.0,48957000.0,0.0,,,,,146000.0,20906000.0,1.0,,286980366,302006149.0,0.171,,,1116000.0,,,
65,UAA,MRQ,2005-03-31,2005-03-31,2005-03-31,2021-08-05,,,,,,,,-3469000.0,,,32349000.0,2509000.0,,,,,,,,1223000.0,,,0.0,4897000.0,6120000.0,0.105,6120000.0,4897000.0,4308000.0,0.006,0.006,0.006,,,,,,,-1502000.0,-0.005,1.0,25838000.0,0.444,,589000.0,,,,,,,,,,,-406000.0,0.0,144000.0,5917000.0,-5000000.0,1064000.0,-3469000.0,0.0,1967000.0,32000.0,2509000.0,1911000.0,1911000.0,0.0,0.0,0.033,20941000.0,4897000.0,,0.0,,,,,598000.0,,,,,,58187000.0,58187000.0,0.0,,,,,29000.0,20941000.0,1.0,,286214978,304946852.0,0.203,,,1799000.0,,,
66,UAA,MRQ,2004-12-31,2004-12-31,2004-12-31,2021-08-05,-45000.0,110977000.0,,96463000.0,14514000.0,,0.075,-2436000.0,1085000.0,1085000.0,35828000.0,6160000.0,1.209,3.911,45133000.0,42345000.0,2788000.0,45133000.0,0.0,987000.0,0.0,,0.0,8384000.0,9371000.0,0.135,9371000.0,8384000.0,9134000.0,0.02,0.02,0.02,21237000.0,,21237000.0,,,,-1821000.0,-0.006,1.0,33817000.0,0.486,0.0,-750000.0,75252000.0,,48055000.0,0.0,0.0,0.0,83048000.0,79773000.0,3275000.0,,42000.0,0.0,40000.0,1784000.0,0.0,1891000.0,-2436000.0,0.0,615000.0,-28000.0,6160000.0,5662000.0,5662000.0,0.0,0.0,0.081,25433000.0,8384000.0,20620000.0,0.0,,,,14211000.0,498000.0,,,,38506000.0,13655000.0,69645000.0,69645000.0,0.0,,,,,0.0,24149000.0,1.0,,283878527,287794094.0,0.245,110977000.0,6447000.0,2974000.0,2571000.0,0.391,16690000.0
67,UAA,MRQ,2003-12-31,2003-12-31,2003-12-31,2021-08-05,0.0,54725000.0,,50383000.0,4342000.0,,0.046,,667000.0,667000.0,,,1.378,3.216,22018000.0,20417000.0,1601000.0,22018000.0,0.0,,0.0,,0.0,,,,,,,,,,11865000.0,,11865000.0,,,,,,1.0,,,0.0,,39515000.0,,21849000.0,0.0,0.0,0.0,38162000.0,36561000.0,1601000.0,,,,,,,,,,,,,,,,,,,,10874000.0,,,,,4128000.0,,,,,24716000.0,4327000.0,,,,,,,,,,1.0,,258669052,,,54725000.0,2817000.0,,1050000.0,0.212,13822000.0
0,UAA,MRT,2021-06-30,2021-06-30,2021-06-30,2021-08-05,-43603000.0,4871509000.0,4919996000.0,3143185000.0,1728324000.0,1.107,4.018,-68516000.0,1349793000.0,1349793000.0,2768112000.0,360358000.0,2.308,1.638,1707175000.0,145014000.0,1562161000.0,1707175000.0,0.0,148724000.0,0.0,0.0,0.0,468650000.0,617374000.0,0.113,617374000.0,468650000.0,411243000.0,0.8,0.8,0.8,1846710000.0,1690812000.0,1846710000.0,10288786082.0,22.0,16.665,555993000.0,1.21,1.0,2677404000.0,0.492,511651000.0,57407000.0,3355278000.0,3695959250.0,881117000.0,0.0,0.0,0.0,3024799000.0,1361962000.0,1662837000.0,9665362082.0,273776000.0,196826000.0,2832000.0,-550397000.0,0.0,-499918000.0,128310000.0,0.0,624509000.0,20875000.0,360358000.0,360358000.0,360358000.0,0.0,0.0,0.066,2334893000.0,342511000.0,613566000.0,0.0,5.234,26.822,26.438,1112130000.0,0.0,21.15,1.775,1.785,639176000.0,806140000.0,5445516000.0,5445516000.0,0.0,0.073,0.213,0.127,0.086,40717000.0,2198968000.0,1.0,456991115.0,459604000,462286000.0,11.848,4359858000.0,25046000.0,50885000.0,0.0,9.486,1781223000.0
1,UAA,MRT,2021-03-31,2021-03-31,2021-03-31,2021-08-05,-49584000.0,4914296000.0,4952954000.0,3157718000.0,1756578000.0,0.969,3.882,-68697000.0,1348737000.0,1348737000.0,2443870000.0,118256000.0,2.558,1.776,1972161000.0,160918000.0,1811243000.0,1972161000.0,0.0,151931000.0,0.0,0.0,0.0,211413000.0,363344000.0,0.076,363344000.0,211413000.0,155977000.0,0.27,0.27,0.27,1770199000.0,1584988000.0,1770199000.0,10572150397.0,50.0,29.097,360291000.0,0.79,1.0,2357752000.0,0.491,510518000.0,55436000.0,3792885000.0,3871770750.0,851829000.0,0.0,0.0,0.0,3144097000.0,1234317000.0,1909780000.0,10083980397.0,391512000.0,195979000.0,3953000.0,-116466000.0,0.0,-165542000.0,127282000.0,0.0,428988000.0,784000.0,118256000.0,118256000.0,118256000.0,0.0,0.0,0.025,2306120000.0,51632000.0,490860000.0,0.0,5.697,85.272,82.074,1143437000.0,0.0,22.16,2.1,2.105,696287000.0,747231000.0,4801622000.0,4801622000.0,0.0,0.024,0.075,0.055,0.044,41977000.0,2133871000.0,1.0,455053267.0,456014000,459226000.0,10.53,4403778000.0,23796000.0,37721000.0,0.0,9.657,1923401000.0
2,UAA,MRT,2020-12-31,2020-12-31,2020-12-31,2021-08-05,-59185000.0,5030628000.0,4933773750.0,3222975000.0,1807653000.0,0.907,3.691,-92291000.0,1517361000.0,1517361000.0,2314572000.0,-549177000.0,2.28,2.002,2005531000.0,162561000.0,1842970000.0,2005531000.0,0.0,164984000.0,0.0,0.0,0.0,-452531000.0,-287547000.0,-0.064,-287547000.0,-452531000.0,-499790000.0,-1.21,-1.21,-1.21,1675993000.0,1529983250.0,1675993000.0,8968065586.0,-20.0,-31.188,120573000.0,0.266,1.0,2160095000.0,0.483,515509000.0,47259000.0,3590013000.0,3897896000.0,895974000.0,0.0,0.0,0.0,3354635000.0,1413276000.0,1941359000.0,7806651586.0,732507000.0,158636000.0,4744000.0,483534000.0,0.0,436853000.0,66345000.0,0.0,212864000.0,16445000.0,-549177000.0,-549177000.0,-549177000.0,0.0,0.0,-0.123,2773533000.0,-613438000.0,575954000.0,0.0,4.658,-14.215,-14.19,1195338000.0,0.0,17.17,1.745,1.742,527340000.0,673855000.0,4474667000.0,4474667000.0,0.0,-0.111,-0.359,-0.116,-0.101,42070000.0,2171934000.0,1.0,454668118.0,454089000,454089000.0,9.854,4515119000.0,23930000.0,49387000.0,0.0,9.943,1809699000.0
3,UAA,MRT,2020-09-30,2020-09-30,2020-09-30,2021-08-05,-70858000.0,4863551000.0,4886999500.0,2973341000.0,1890210000.0,0.923,3.235,-111674000.0,865609000.0,865609000.0,2364126000.0,-748934000.0,2.053,2.308,2027023000.0,156885000.0,1870138000.0,2027023000.0,0.0,170151000.0,0.0,0.0,0.0,-658339000.0,-488188000.0,-0.108,-488188000.0,-658339000.0,-695949000.0,-1.65,-1.65,-1.65,1470346000.0,1648506750.0,1470346000.0,6303303751.0,-10.0,-12.912,45182000.0,0.099,1.0,2148000000.0,0.476,530905000.0,37610000.0,4045661000.0,3836930000.0,1056845000.0,0.0,0.0,0.0,3393205000.0,1448399000.0,1944806000.0,5103890751.0,446930000.0,-38848000.0,5530000.0,483711000.0,0.0,437945000.0,-150560000.0,0.0,156856000.0,2689000.0,-748934000.0,-748934000.0,-748934000.0,0.0,0.0,-0.166,2743211000.0,-595211000.0,643315000.0,0.0,3.471,-6.815,-6.806,1241017000.0,0.0,11.23,1.131,1.131,806916000.0,490071000.0,4512126000.0,4512126000.0,0.0,-0.153,-0.454,-0.172,-0.146,44340000.0,2193610000.0,1.0,454487155.0,454541000,456674000.0,9.927,4332646000.0,45995000.0,52985000.0,0.0,9.532,1524942000.0
4,UAA,MRT,2020-06-30,2020-06-30,2020-06-30,2021-08-05,-71541000.0,5003341000.0,4829553000.0,3089009000.0,1914332000.0,0.934,3.134,-119618000.0,1079409000.0,1079409000.0,2356983000.0,-685565000.0,1.908,2.515,2278822000.0,398408000.0,1880414000.0,2278822000.0,0.0,179623000.0,0.0,0.0,0.0,-571212000.0,-391589000.0,-0.087,-391589000.0,-571212000.0,-599522000.0,-1.51,-1.51,-1.51,1423414000.0,1819336750.0,1423414000.0,5700348836.0,-10.0,-14.557,-32704000.0,-0.072,1.0,2151578000.0,0.477,525616000.0,28310000.0,4058524000.0,3759970500.0,1198509000.0,0.0,0.0,0.0,3579927000.0,1618614000.0,1961313000.0,4422873836.0,622158000.0,-38190000.0,6093000.0,734038000.0,0.0,688378000.0,-158122000.0,0.0,86914000.0,4988000.0,-685565000.0,-685565000.0,-685565000.0,0.0,0.0,-0.152,2666439000.0,-514861000.0,664288000.0,0.0,3.107,-6.451,-6.45,1270895000.0,0.0,9.74,0.981,0.981,568430000.0,450750000.0,4508561000.0,4508561000.0,0.0,-0.142,-0.377,-0.152,-0.127,47241000.0,2191039000.0,1.0,454093823.0,454121000,454121000.0,9.928,4477725000.0,42589000.0,86043000.0,0.0,9.86,1470395000.0
5,UAA,MRT,2020-03-31,2020-03-31,2020-03-31,2021-08-05,-70253000.0,4837575000.0,4748694750.0,2868007000.0,1969568000.0,1.051,3.423,-141389000.0,959318000.0,959318000.0,2635920000.0,-520019000.0,1.696,2.121,2236793000.0,729758000.0,1507035000.0,2236793000.0,0.0,188526000.0,0.0,0.0,0.0,-413617000.0,-225091000.0,-0.045,-225091000.0,-413617000.0,-436579000.0,-1.15,-1.15,-1.15,1550180000.0,1975551750.0,1550180000.0,4672471872.0,-11.0,-20.758,90719000.0,0.2,1.0,2356730000.0,0.472,526162000.0,22962000.0,3897386000.0,3648472500.0,940236000.0,0.0,0.0,0.0,3287395000.0,1691502000.0,1595893000.0,4161321872.0,670012000.0,-37343000.0,6889000.0,598904000.0,0.0,603517000.0,-180043000.0,0.0,232108000.0,14430000.0,-520019000.0,-520019000.0,-520019000.0,0.0,0.0,-0.104,2713399000.0,-356669000.0,417397000.0,0.0,2.684,-8.002,-8.009,1309986000.0,0.0,9.21,0.833,0.835,668409000.0,634452000.0,4992650000.0,4992650000.0,0.0,-0.11,-0.263,-0.113,-0.083,47590000.0,2276936000.0,1.0,451826479.0,452871000,452871000.0,11.024,4311413000.0,39576000.0,83440000.0,0.0,9.52,1176505000.0
6,UAA,MRT,2019-12-31,2019-12-31,2019-12-31,2021-08-05,-50765000.0,4843531000.0,4648319000.0,2702209000.0,2141322000.0,1.133,4.768,-145802000.0,788072000.0,788072000.0,2796599000.0,92139000.0,1.9,1.253,1299222000.0,125900000.0,1173322000.0,1299222000.0,0.0,186425000.0,0.0,0.0,0.0,183403000.0,369828000.0,0.07,369828000.0,183403000.0,162163000.0,0.2,0.2,0.2,2150087000.0,2100458500.0,2150087000.0,10637139733.0,58.0,28.762,363229000.0,0.805,1.0,2470533000.0,0.469,586523000.0,21240000.0,3346149000.0,3613322000.0,892258000.0,0.0,0.0,0.0,2693444000.0,1422009000.0,1271435000.0,9753811733.0,229948000.0,0.0,7472000.0,-140370000.0,0.0,-137070000.0,-147113000.0,0.0,509031000.0,5100000.0,92139000.0,92139000.0,92139000.0,0.0,0.0,0.017,2233763000.0,236770000.0,618194000.0,0.0,4.536,105.86,108.0,1384079000.0,0.0,21.6,1.852,1.849,708714000.0,1226986000.0,5267132000.0,5267132000.0,0.0,0.02,0.044,0.051,0.035,49618000.0,2233763000.0,1.0,451565358.0,450964000,454274000.0,11.68,4257008000.0,82379000.0,70024000.0,0.0,9.44,1280200000.0
7,UAA,MRT,2019-09-30,2019-09-30,2019-09-30,2021-08-05,-49371000.0,4633765000.0,4498691750.0,2459089000.0,2174676000.0,1.159,4.771,-154713000.0,416603000.0,416603000.0,2801654000.0,111661000.0,2.05,1.152,1299931000.0,119446000.0,1180485000.0,1299931000.0,0.0,187182000.0,0.0,0.0,0.0,145336000.0,332518000.0,0.064,332518000.0,145336000.0,122153000.0,0.25,0.25,0.25,2153666000.0,2067154500.0,2153666000.0,9851421014.0,68.0,29.627,457168000.0,1.013,1.0,2414233000.0,0.463,579609000.0,23183000.0,3737823000.0,3404832000.0,906544000.0,0.0,0.0,0.0,2480099000.0,1199661000.0,1280438000.0,8997867014.0,251065000.0,0.0,-2362000.0,-215478000.0,0.0,-221851000.0,-155721000.0,1000.0,611881000.0,16756000.0,111661000.0,111661000.0,111661000.0,0.0,0.0,0.021,2261984000.0,152249000.0,483627000.0,0.0,4.178,80.582,79.76,1374726000.0,0.0,19.94,1.725,1.726,843495000.0,1242437000.0,5215887000.0,5215887000.0,0.0,0.025,0.054,0.043,0.028,47389000.0,2213755000.0,1.0,451247092.0,451385000,454695000.0,11.555,4054156000.0,90860000.0,10492000.0,0.0,8.982,1259428000.0
8,UAA,MRT,2019-06-30,2019-06-30,2019-06-30,2021-08-05,-39492000.0,4679908000.0,4397042750.0,2444447000.0,2235461000.0,1.189,4.541,-151824000.0,455726000.0,455726000.0,2839865000.0,84612000.0,1.834,1.285,1309280000.0,116219000.0,1193061000.0,1309280000.0,0.0,184218000.0,0.0,0.0,0.0,123313000.0,307531000.0,0.059,307531000.0,123313000.0,96634000.0,0.19,0.19,0.19,2048274000.0,2030218250.0,2048274000.0,12436720755.0,101.0,40.441,443106000.0,0.982,1.0,2389542000.0,0.457,588289000.0,26679000.0,3612532000.0,3212177000.0,965711000.0,0.0,0.0,0.0,2631634000.0,1332641000.0,1298993000.0,11433152755.0,261626000.0,0.0,-2095000.0,-191978000.0,0.0,-197839000.0,-154882000.0,0.0,594930000.0,19417000.0,84612000.0,84612000.0,84612000.0,0.0,0.0,0.016,2257247000.0,132295000.0,607382000.0,0.0,5.582,135.124,133.421,1401517000.0,0.0,25.35,2.186,2.187,735181000.0,1141129000.0,5229407000.0,5229407000.0,0.0,0.019,0.042,0.038,0.024,46745000.0,2190417000.0,1.0,451011943.0,451066000,451066000.0,11.593,4091619000.0,129403000.0,12022000.0,0.0,9.071,1111806000.0
9,UAA,MRT,2019-03-31,2019-03-31,2019-03-31,2021-08-05,-40176000.0,4436072000.0,4287353750.0,2206708000.0,2229364000.0,1.216,4.558,-139081000.0,288726000.0,288726000.0,2850732000.0,6417000.0,2.017,1.164,1292294000.0,107250000.0,1185044000.0,1292294000.0,0.0,182134000.0,0.0,0.0,0.0,27332000.0,209466000.0,0.04,209466000.0,27332000.0,-1911000.0,0.02,0.02,0.02,2049807000.0,1999127750.0,2049807000.0,9658096733.0,353.0,46.108,377336000.0,0.839,1.0,2361805000.0,0.453,588844000.0,29243000.0,3756784000.0,3031095000.0,875252000.0,0.0,0.0,0.0,2386265000.0,1094012000.0,1292253000.0,9486665733.0,7971000.0,0.0,2494000.0,-332524000.0,0.0,-335302000.0,-182885000.0,-39207000.0,516417000.0,9741000.0,6417000.0,6417000.0,6417000.0,0.0,0.0,0.001,2322903000.0,38902000.0,377401000.0,0.0,4.628,1478.365,1057.0,1401454000.0,0.0,21.14,1.82,1.824,743677000.0,1158482000.0,5212537000.0,5212537000.0,0.0,0.001,0.003,0.009,0.005,46139000.0,2177233000.0,1.0,448754292.0,449749000,453230000.0,11.59,3847228000.0,114705000.0,-8328000.0,0.0,8.554,1112696000.0
10,UAA,MRT,2018-12-31,2018-12-31,2018-12-31,2021-08-05,-38987000.0,4245022000.0,4244415500.0,2593628000.0,1651394000.0,1.224,4.524,-159100000.0,557403000.0,557403000.0,2852714000.0,-46302000.0,1.971,1.105,728834000.0,25000000.0,703834000.0,728834000.0,0.0,181768000.0,0.0,0.0,0.0,-33286000.0,148482000.0,0.029,148482000.0,-33286000.0,-66854000.0,-0.1,-0.1,-0.1,2016871000.0,1991109000.0,2016871000.0,8557407235.0,-257.0,57.633,469130000.0,1.052,1.0,2340471000.0,0.451,588287000.0,33568000.0,2512189000.0,2835196750.0,1019496000.0,0.0,0.0,0.0,2228151000.0,1315977000.0,912174000.0,7922634235.0,247925000.0,0.0,2580000.0,-190011000.0,0.0,-189868000.0,-202904000.0,-39207000.0,628230000.0,12467000.0,-46302000.0,-46302000.0,-46302000.0,0.0,0.0,-0.009,2365488000.0,-25017000.0,560884000.0,0.0,3.928,-171.108,-176.7,826868000.0,0.0,17.67,1.526,1.517,652546000.0,1139082000.0,5193185000.0,5193185000.0,0.0,-0.011,-0.023,-0.012,-0.006,41783000.0,2182339000.0,1.0,448366397.0,445815000,445815000.0,11.649,3656735000.0,112420000.0,-20552000.0,0.0,8.202,1277651000.0
11,UAA,MRT,2018-09-30,2018-09-30,2018-09-30,2021-08-05,-44360000.0,4227169000.0,4184751750.0,2587030000.0,1640139000.0,1.236,4.487,-165569000.0,168682000.0,168682000.0,2863619000.0,-138442000.0,1.99,1.107,803455000.0,100000000.0,703455000.0,803455000.0,0.0,180288000.0,0.0,0.0,0.0,-62883000.0,117405000.0,0.023,117405000.0,-62883000.0,-98451000.0,-0.31,-0.31,-0.31,2005921000.0,1991551750.0,2005921000.0,10024105344.0,-159.0,85.381,216881000.0,0.485,1.0,2308802000.0,0.446,595000000.0,35568000.0,2967203000.0,2944121000.0,1173115000.0,0.0,0.0,0.0,2221248000.0,1299739000.0,921509000.0,9441614344.0,-86737000.0,0.0,12562000.0,-266761000.0,0.0,-256831000.0,-209638000.0,-39208000.0,382450000.0,-2718000.0,-138442000.0,-138442000.0,-138442000.0,0.0,0.0,-0.027,2360460000.0,-51658000.0,499467000.0,0.0,4.707,-68.199,-68.452,821078000.0,0.0,21.22,1.825,1.834,867074000.0,1134684000.0,5172421000.0,5172421000.0,0.0,-0.033,-0.07,-0.021,-0.012,37534000.0,2189587000.0,1.0,444939413.0,447070000,451035000.0,11.57,3632169000.0,86436000.0,39991000.0,0.0,8.124,1287291000.0
12,UAA,MRT,2018-06-30,2018-06-30,2018-06-30,2021-08-05,-38489000.0,4241152000.0,4160550750.0,2561515000.0,1679637000.0,1.235,4.327,-198388000.0,196879000.0,196879000.0,2846115000.0,-159466000.0,1.914,1.204,779370000.0,27000000.0,752370000.0,779370000.0,0.0,181651000.0,0.0,0.0,0.0,-117063000.0,64588000.0,0.013,64588000.0,-117063000.0,-153055000.0,-0.36,-0.36,-0.36,1923912000.0,2015245500.0,1923912000.0,10632829912.0,-91.0,164.625,245826000.0,0.553,1.0,2292321000.0,0.446,597040000.0,35992000.0,2888204000.0,3010409000.0,1299332000.0,0.0,0.0,0.0,2317240000.0,1338399000.0,978841000.0,9995768912.0,34358000.0,0.0,13815000.0,-177011000.0,0.0,-165175000.0,-241779000.0,-39207000.0,444214000.0,-2902000.0,-159466000.0,-159466000.0,-159466000.0,0.0,0.0,-0.031,2400765000.0,-108444000.0,691163000.0,0.0,5.196,-62.683,-62.444,835427000.0,0.0,22.48,1.945,1.945,724945000.0,1060402000.0,5138436000.0,5138436000.0,0.0,-0.038,-0.079,-0.039,-0.023,34692000.0,2163495000.0,1.0,444651642.0,444626000,444626000.0,11.557,3644112000.0,111746000.0,6411000.0,0.0,8.196,1223116000.0
13,UAA,MRT,2018-03-31,2018-03-31,2018-03-31,2021-08-05,-21083000.0,4264319000.0,4073823750.0,2592005000.0,1672314000.0,1.241,4.554,-245479000.0,283644000.0,283644000.0,2787839000.0,-76230000.0,1.968,1.113,920705000.0,162000000.0,758705000.0,920705000.0,0.0,178832000.0,0.0,0.0,0.0,-11650000.0,167182000.0,0.033,167182000.0,-11650000.0,-46931000.0,-0.18,-0.18,-0.18,2017732000.0,2040210250.0,2017732000.0,7834084781.0,-672.0,46.86,46557000.0,0.105,1.0,2266930000.0,0.448,611132000.0,35281000.0,2973191000.0,3064964250.0,1148493000.0,0.0,0.0,0.0,2246587000.0,1317057000.0,929530000.0,7229521781.0,114792000.0,0.0,11076000.0,57989000.0,0.0,67000000.0,-247127000.0,0.0,292036000.0,2883000.0,-76230000.0,-76230000.0,-76230000.0,0.0,0.0,-0.015,2275284000.0,-8354000.0,470378000.0,0.0,3.583,-94.838,-90.833,870120000.0,0.0,16.35,1.43,1.433,805413000.0,1155946000.0,5054769000.0,5054769000.0,0.0,-0.019,-0.037,-0.004,-0.002,37170000.0,2113756000.0,1.0,442172586.0,443052000,443052000.0,11.409,3653187000.0,92607000.0,29299000.0,0.0,8.246,1274948000.0
14,UAA,MRT,2017-12-31,2017-12-31,2017-12-31,2021-08-05,-38211000.0,4006367000.0,3902034000.0,2337679000.0,1668688000.0,1.279,4.58,-281339000.0,312483000.0,312483000.0,2737830000.0,-48260000.0,2.205,0.985,917046000.0,152000000.0,765046000.0,917046000.0,0.0,173747000.0,0.0,0.0,0.0,24229000.0,197976000.0,0.04,197976000.0,24229000.0,-10309000.0,-0.11,-0.11,-0.11,2018642000.0,2040785500.0,2018642000.0,7184080062.0,297.0,36.288,-43879000.0,-0.1,1.0,2251414000.0,0.451,602669000.0,34538000.0,2947886000.0,3072961000.0,1158548000.0,0.0,0.0,0.0,1987725000.0,1060375000.0,927350000.0,6373700062.0,65410000.0,0.0,11540000.0,98000000.0,0.0,106759000.0,-282987000.0,0.0,237460000.0,4178000.0,-48260000.0,-48260000.0,-48260000.0,0.0,0.0,-0.01,2223571000.0,27843000.0,561108000.0,0.0,3.157,-132.07,-131.182,885774000.0,0.0,14.43,1.277,1.275,609670000.0,1184441000.0,4989244000.0,4989244000.0,0.0,-0.012,-0.024,0.008,0.005,39857000.0,2099522000.0,1.0,441697856.0,440729000,440729000.0,11.32,3403698000.0,82801000.0,37951000.0,0.0,7.723,1277304000.0
15,UAA,MRT,2017-09-30,2017-09-30,2017-09-30,2021-08-05,-36926000.0,4130365000.0,3811525000.0,2456842000.0,1673523000.0,1.294,4.761,-291004000.0,258002000.0,258002000.0,2683745000.0,142893000.0,2.233,0.966,1068382000.0,297000000.0,771382000.0,1068382000.0,0.0,167876000.0,0.0,0.0,0.0,225718000.0,393594000.0,0.08,393594000.0,225718000.0,192524000.0,0.31,0.32,0.31,2100696000.0,2043850000.0,2100696000.0,8056518887.0,36.0,20.469,85479000.0,0.194,1.0,2249562000.0,0.456,607964000.0,33194000.0,3232355000.0,3060372500.0,1180653000.0,0.0,0.0,0.0,2029669000.0,1100426000.0,929243000.0,7267486887.0,83323000.0,0.0,12180000.0,-8378000.0,0.0,722000.0,-292669000.0,0.0,376483000.0,-1213000.0,142893000.0,142893000.0,142893000.0,0.0,0.0,0.029,2020731000.0,228831000.0,482897000.0,0.0,3.46,50.86,53.161,868250000.0,0.0,16.48,1.473,1.474,733292000.0,1272556000.0,4933307000.0,4933307000.0,0.0,0.037,0.07,0.074,0.046,37808000.0,1932635000.0,1.0,440988282.0,441275000,448439000.0,11.18,3522401000.0,97147000.0,49631000.0,0.0,7.982,1356416000.0
16,UAA,MRT,2017-06-30,2017-06-30,2017-06-30,2021-08-05,-47032000.0,3894244000.0,3700268000.0,2166470000.0,1727774000.0,1.35,4.595,-299713000.0,165685000.0,165685000.0,2696429000.0,216876000.0,2.313,0.924,954717000.0,177000000.0,777717000.0,954717000.0,0.0,160400000.0,0.0,0.0,0.0,363145000.0,523545000.0,0.105,523545000.0,363145000.0,331337000.0,0.48,0.49,0.48,2023771000.0,1999464500.0,2023771000.0,10270254060.0,28.0,19.617,104078000.0,0.236,1.0,2299460000.0,0.46,640312000.0,31808000.0,3106425000.0,3021471250.0,1168786000.0,0.0,0.0,0.0,1870473000.0,936539000.0,933934000.0,9581330060.0,48746000.0,0.0,14523000.0,-63315000.0,0.0,-51760000.0,-299873000.0,0.0,403791000.0,-3412000.0,216876000.0,216876000.0,216876000.0,0.0,0.0,0.043,1933499000.0,365961000.0,483210000.0,0.0,4.734,44.179,45.333,875005000.0,0.0,21.76,1.918,1.918,602795000.0,1218426000.0,4995889000.0,4995889000.0,0.0,0.059,0.108,0.12,0.073,51009000.0,1930401000.0,1.0,440318477.0,440423000,440423000.0,11.343,3253932000.0,125358000.0,114461000.0,0.0,7.388,1229931000.0
17,UAA,MRT,2017-03-31,2017-03-31,2017-03-31,2021-08-05,-48211000.0,3577160000.0,3583438000.0,1906028000.0,1671132000.0,1.369,4.598,-373963000.0,172128000.0,172128000.0,2629566000.0,235528000.0,3.037,0.771,861052000.0,77000000.0,784052000.0,861052000.0,0.0,153762000.0,0.0,0.0,0.0,387237000.0,540999000.0,0.11,540999000.0,387237000.0,357516000.0,0.39,0.4,0.39,2020033000.0,1936358750.0,2020033000.0,9241050538.0,24.0,17.081,87640000.0,0.199,1.0,2275914000.0,0.464,633367000.0,29721000.0,3005178000.0,2984985000.0,901613000.0,0.0,0.0,0.0,1557127000.0,627539000.0,929588000.0,8674132538.0,18392000.0,0.0,14313000.0,-74833000.0,-2927000.0,-68839000.0,-369773000.0,5065000.0,461603000.0,-4599000.0,235528000.0,176528000.0,176528000.0,0.0,0.0,0.036,1885790000.0,390124000.0,294857000.0,0.0,4.294,49.137,50.718,830539000.0,59000000.0,19.78,1.768,1.772,629235000.0,1232416000.0,4905480000.0,4905480000.0,0.0,0.049,0.091,0.13,0.079,60295000.0,1885790000.0,1.0,438530462.0,439360000,439360000.0,11.165,2943793000.0,121108000.0,121988000.0,0.0,6.7,1278489000.0
18,UAA,MRT,2016-12-31,2016-12-31,2016-12-31,2021-08-05,-52143000.0,3644331000.0,3493679000.0,1965153000.0,1679178000.0,1.383,4.655,-386746000.0,250470000.0,250470000.0,2584724000.0,256979000.0,2.865,0.794,817388000.0,27000000.0,790388000.0,817388000.0,0.0,144770000.0,0.0,0.0,0.0,414716000.0,559486000.0,0.116,559486000.0,414716000.0,388282000.0,0.45,0.45,0.45,2030900000.0,1866679750.0,2030900000.0,13622148337.0,33.0,24.348,-20123000.0,-0.046,1.0,2248614000.0,0.465,627901000.0,26434000.0,2897532000.0,2915599500.0,917491000.0,0.0,0.0,0.0,1613431000.0,685816000.0,927615000.0,12728334337.0,122873000.0,0.0,15485000.0,150159000.0,-2927000.0,146114000.0,-381139000.0,6482000.0,366623000.0,-8725000.0,256979000.0,197979000.0,197979000.0,0.0,0.0,0.041,1831143000.0,417471000.0,409679000.0,0.0,6.267,64.291,64.556,804211000.0,59000000.0,29.05,2.633,2.622,622685000.0,1259414000.0,4833338000.0,4833338000.0,0.0,0.057,0.106,0.142,0.086,90932000.0,1831143000.0,1.0,438152645.0,436330000,444848000.0,11.077,3016430000.0,136862000.0,131303000.0,0.0,6.913,1279337000.0
19,UAA,MRT,2016-09-30,2016-09-30,2016-09-30,2021-08-05,-50031000.0,3685337000.0,3299088750.0,2026561000.0,1658776000.0,1.422,4.392,-393861000.0,179954000.0,179954000.0,2472167000.0,259351000.0,2.364,0.916,1073768000.0,277000000.0,796768000.0,1073768000.0,0.0,134111000.0,0.0,0.0,0.0,427932000.0,562043000.0,0.12,562043000.0,427932000.0,405401000.0,0.46,0.45,0.46,1923154000.0,1776010250.0,1923154000.0,17808393859.0,42.0,31.685,-101905000.0,-0.233,1.0,2218577000.0,0.473,645151000.0,22531000.0,3076750000.0,2756844250.0,970621000.0,0.0,0.0,0.0,1762183000.0,857250000.0,904933000.0,16914493859.0,20556000.0,0.0,15805000.0,172612000.0,-2927000.0,115885000.0,-382696000.0,11906000.0,291956000.0,-4589000.0,259351000.0,200351000.0,200351000.0,0.0,0.0,0.043,1787424000.0,431153000.0,254222000.0,0.0,8.795,84.424,84.087,751286000.0,59000000.0,38.68,3.606,3.61,713731000.0,1156650000.0,4690744000.0,4690744000.0,0.0,0.061,0.113,0.155,0.091,149382000.0,1787424000.0,1.0,437293016.0,437830000,445853000.0,10.714,3040186000.0,155592000.0,146050000.0,0.0,6.944,1169311000.0
20,UAA,MRT,2016-06-30,2016-06-30,2016-06-30,2021-08-05,-45260000.0,3426924000.0,3135845250.0,1849185000.0,1577739000.0,1.411,4.067,-387749000.0,121216000.0,121216000.0,2316167000.0,231603000.0,2.607,0.935,1015116000.0,177000000.0,838116000.0,1015116000.0,0.0,122613000.0,0.0,0.0,0.0,397552000.0,520165000.0,0.118,520165000.0,397552000.0,379110000.0,0.4,0.39,0.4,1771348000.0,1679035250.0,1771348000.0,18365205193.0,46.0,35.306,-291210000.0,-0.669,1.0,2107113000.0,0.476,650990000.0,18442000.0,2960480000.0,2551239750.0,1086749000.0,0.0,0.0,0.0,1655576000.0,709354000.0,946222000.0,17587681193.0,-27869000.0,0.0,12966000.0,303233000.0,-2927000.0,246763000.0,-366597000.0,22099000.0,96539000.0,-4574000.0,231603000.0,172603000.0,172603000.0,0.0,0.0,0.039,1703873000.0,403240000.0,332060000.0,0.0,9.929,101.897,100.325,712873000.0,59000000.0,40.13,3.976,3.951,460955000.0,1029371000.0,4423280000.0,4423280000.0,0.0,0.055,0.103,0.156,0.09,150758000.0,1703873000.0,1.0,438267660.0,435543000,442872000.0,10.156,2775934000.0,118053000.0,147507000.0,0.0,6.374,1139831000.0
21,UAA,MRT,2016-03-31,2016-03-31,2016-03-31,2021-08-05,-43828000.0,3218124000.0,2968841500.0,1768783000.0,1449341000.0,1.417,4.016,-334882000.0,157001000.0,157001000.0,2197555000.0,240025000.0,2.919,0.848,934525000.0,167000000.0,767525000.0,934525000.0,0.0,111653000.0,0.0,0.0,0.0,413071000.0,524724000.0,0.125,524724000.0,413071000.0,396121000.0,0.55,0.54,0.55,1741317000.0,1590093250.0,1741317000.0,19000581456.0,46.0,36.211,-271347000.0,-0.626,1.0,2008519000.0,0.478,662112000.0,16950000.0,2727636000.0,2324970500.0,834287000.0,0.0,0.0,0.0,1476807000.0,605900000.0,870907000.0,18461433456.0,-67926000.0,-351000.0,11342000.0,260394000.0,0.0,210710000.0,-333296000.0,1996000.0,63535000.0,-8875000.0,240025000.0,240025000.0,240025000.0,0.0,0.0,0.057,1592756000.0,415763000.0,184243000.0,0.0,10.602,76.915,77.118,601910000.0,0.0,42.415,4.389,4.373,566286000.0,1082027000.0,4206074000.0,4206074000.0,0.0,0.081,0.151,0.178,0.098,138711000.0,1592756000.0,1.0,435257184.0,433626000,443260000.0,9.7,2556012000.0,92230000.0,156096000.0,0.0,5.895,1162883000.0
22,UAA,MRT,2015-12-31,2015-12-31,2015-12-31,2021-08-05,-45013000.0,2865970000.0,2800445000.0,1498763000.0,1367207000.0,1.415,3.871,-298928000.0,129852000.0,129852000.0,2057766000.0,232573000.0,3.13,0.718,666070000.0,42000000.0,624070000.0,666070000.0,0.0,100940000.0,0.0,0.0,0.0,401313000.0,502253000.0,0.127,502253000.0,401313000.0,386685000.0,0.54,0.53,0.54,1668222000.0,1500895500.0,1668222000.0,18265538561.0,46.0,36.367,-284387000.0,-0.66,1.0,1905547000.0,0.481,660867000.0,14628000.0,2262511000.0,2108600500.0,783031000.0,0.0,0.0,0.0,1197748000.0,478810000.0,718938000.0,17520262561.0,-463323000.0,-539460000.0,10310000.0,383851000.0,0.0,381433000.0,-847475000.0,-6534000.0,14541000.0,-11822000.0,232573000.0,232573000.0,232573000.0,0.0,0.0,0.059,1497000000.0,408547000.0,200460000.0,0.0,10.502,75.332,74.639,538531000.0,0.0,40.305,4.421,4.383,433638000.0,1076533000.0,3963313000.0,3963313000.0,0.0,0.083,0.155,0.19,0.101,106293000.0,1497000000.0,1.0,434692037.0,430996000,441736000.0,9.196,2205103000.0,92157000.0,154112000.0,0.0,5.116,1019953000.0
23,UAA,MRT,2015-09-30,2015-09-30,2015-09-30,2021-08-05,-39058000.0,3032363000.0,2607723250.0,1773111000.0,1259252000.0,1.414,3.558,-270665000.0,159398000.0,159398000.0,1897687000.0,214680000.0,2.089,0.975,901535000.0,342124000.0,559411000.0,901535000.0,0.0,91913000.0,0.0,0.0,0.0,369798000.0,461711000.0,0.125,461711000.0,369798000.0,357499000.0,0.502,0.487,0.502,1535254000.0,1421415000.0,1535254000.0,21564206999.0,58.0,46.705,-292584000.0,-0.678,1.0,1790141000.0,0.485,671564000.0,12299000.0,2254332000.0,1846721750.0,867082000.0,0.0,0.0,0.0,1497109000.0,848604000.0,648505000.0,21019702999.0,-90071000.0,-539460000.0,9243000.0,712080000.0,0.0,766000000.0,-824889000.0,-11958000.0,-21919000.0,-9263000.0,214680000.0,214680000.0,214680000.0,0.0,0.0,0.058,1412877000.0,377264000.0,274285000.0,0.0,13.691,97.912,96.394,478418000.0,0.0,48.39,5.7,5.662,551188000.0,971117000.0,3687828000.0,3687828000.0,0.0,0.082,0.151,0.2,0.1,56647000.0,1412877000.0,1.0,434381132.0,431486000,442106000.0,8.547,2360799000.0,103558000.0,142819000.0,0.0,5.471,924507000.0
24,UAA,MRT,2015-06-30,2015-06-30,2015-06-30,2021-08-05,-27395000.0,2758909000.0,2344160000.0,1557936000.0,1200973000.0,1.46,3.283,-237112000.0,149085000.0,149085000.0,1753346000.0,203308000.0,2.635,0.949,712391000.0,42737000.0,669654000.0,712391000.0,0.0,83810000.0,0.0,0.0,0.0,344391000.0,428201000.0,0.125,428201000.0,344391000.0,334657000.0,0.48,0.46,0.48,1415580000.0,1351136750.0,1415580000.0,18556721291.0,54.0,43.336,-152326000.0,-0.353,1.0,1668281000.0,0.488,675517000.0,9734000.0,2055403000.0,1602539750.0,836605000.0,0.0,0.0,0.0,1343329000.0,591295000.0,752034000.0,18111914291.0,-151349000.0,-539460000.0,10524000.0,518157000.0,0.0,577017000.0,-801644000.0,-22151000.0,84786000.0,-11508000.0,203308000.0,203308000.0,203308000.0,0.0,0.0,0.059,1316308000.0,351973000.0,375431000.0,0.0,12.795,89.086,86.917,430536000.0,0.0,41.72,5.293,5.257,353406000.0,870640000.0,3421627000.0,3421627000.0,0.0,0.087,0.15,0.215,0.101,48248000.0,1316308000.0,1.0,434130256.0,431180000,439842000.0,7.935,2083392000.0,103946000.0,131349000.0,0.0,4.832,966641000.0
25,UAA,MRT,2015-03-31,2015-03-31,2015-03-31,2021-08-05,-27114000.0,2544538000.0,2120419000.0,1434479000.0,1110059000.0,1.532,3.202,-169432000.0,224927000.0,224927000.0,1658524000.0,206232000.0,3.2,0.838,673331000.0,43347000.0,629984000.0,673331000.0,0.0,76081000.0,0.0,0.0,0.0,347390000.0,423471000.0,0.13,423471000.0,347390000.0,340691000.0,0.49,0.47,0.49,1384526000.0,1282431500.0,1384526000.0,17086935531.0,49.0,40.35,20611000.0,0.048,1.0,1589180000.0,0.489,682567000.0,6699000.0,1862156000.0,1370122000.0,577947000.0,0.0,0.0,0.0,1160012000.0,448219000.0,711793000.0,17395909531.0,45001000.0,-539109000.0,10071000.0,522529000.0,0.0,580140000.0,-718747000.0,-7113000.0,190043000.0,-6435000.0,206232000.0,206232000.0,206232000.0,0.0,0.0,0.064,1234414000.0,354766000.0,252051000.0,0.0,12.565,84.351,82.398,359489000.0,0.0,40.375,5.356,5.376,395917000.0,856640000.0,3247704000.0,3247704000.0,0.0,0.097,0.161,0.254,0.107,46635000.0,1234414000.0,1.0,430858440.0,432438403,442346155.0,7.51,1861971000.0,80070000.0,134459000.0,0.0,4.306,986260000.0
26,UAA,MRT,2014-12-31,2014-12-31,2014-12-31,2021-08-05,-14808000.0,2095083000.0,1884038500.0,1549399000.0,545684000.0,1.637,3.166,-140528000.0,593175000.0,593175000.0,1572164000.0,208042000.0,3.675,0.552,284201000.0,28951000.0,255250000.0,284201000.0,0.0,72093000.0,0.0,0.0,0.0,347545000.0,419638000.0,0.136,419638000.0,347545000.0,342210000.0,0.49,0.47,0.49,1350300000.0,1213444250.0,1350300000.0,14555077557.0,42.0,34.685,78505000.0,0.184,1.0,1512206000.0,0.49,149486000.0,5335000.0,1214996000.0,1161717250.0,536714000.0,0.0,0.0,0.0,744783000.0,421627000.0,323156000.0,14612898557.0,245686000.0,-10924000.0,15776000.0,129565000.0,0.0,182306000.0,-152312000.0,0.0,219033000.0,-3341000.0,208042000.0,208042000.0,208042000.0,0.0,0.0,0.067,1158251000.0,353955000.0,210432000.0,0.0,10.822,70.24,69.286,305564000.0,0.0,33.95,4.738,4.694,279835000.0,856687000.0,3084370000.0,3084370000.0,0.0,0.11,0.171,0.299,0.113,50812000.0,1158251000.0,1.0,430424111.0,426454000,438760000.0,7.233,1945597000.0,86068000.0,134168000.0,0.0,4.562,1127772000.0
27,UAA,MRT,2014-09-30,2014-09-30,2014-09-30,2021-08-05,-6993000.0,1978110000.0,1754703000.0,1463903000.0,514207000.0,1.637,2.916,-122368000.0,249469000.0,249469000.0,1455630000.0,184499000.0,2.985,0.577,191648000.0,19524000.0,172124000.0,191648000.0,0.0,66888000.0,0.0,0.0,0.0,301639000.0,368527000.0,0.128,368527000.0,301639000.0,297225000.0,0.427,0.417,0.427,1254141000.0,1139207750.0,1254141000.0,14738231181.0,49.0,39.992,37547000.0,0.087,1.0,1416295000.0,0.493,152206000.0,4414000.0,1277604000.0,1060519250.0,637459000.0,0.0,0.0,0.0,723969000.0,490479000.0,233490000.0,14842028181.0,63092000.0,-159021000.0,16436000.0,135752000.0,0.0,188637000.0,-282113000.0,0.0,159915000.0,-3347000.0,184499000.0,184499000.0,184499000.0,0.0,0.0,0.064,1110172000.0,306123000.0,273687000.0,0.0,11.834,80.445,80.913,264629000.0,0.0,34.55,5.168,5.174,449221000.0,770484000.0,2871925000.0,2871925000.0,0.0,0.105,0.162,0.284,0.105,56563000.0,1110172000.0,1.0,429581134.0,430071742,439054985.0,6.678,1825904000.0,88442000.0,112726000.0,0.0,4.246,973424000.0
28,UAA,MRT,2014-06-30,2014-06-30,2014-06-30,2021-08-05,454000.0,1863945000.0,1609423000.0,1368319000.0,495626000.0,1.651,2.657,-117035000.0,300434000.0,300434000.0,1356033000.0,168178000.0,2.849,0.634,196637000.0,19650000.0,176987000.0,196637000.0,0.0,61278000.0,0.0,0.0,0.0,279604000.0,340882000.0,0.128,340882000.0,279604000.0,276034000.0,0.387,0.382,0.387,1140759000.0,1067286250.0,1140759000.0,12739774713.0,46.0,37.373,47845000.0,0.111,1.0,1301130000.0,0.49,154171000.0,3570000.0,1125732000.0,973140750.0,662388000.0,0.0,0.0,0.0,723186000.0,480245000.0,242941000.0,12768042713.0,76592000.0,-159021000.0,15561000.0,139424000.0,0.0,188994000.0,-276316000.0,0.0,164880000.0,-966000.0,168178000.0,168178000.0,168178000.0,0.0,0.0,0.063,1020284000.0,280846000.0,334001000.0,0.0,11.193,75.92,76.86,255018000.0,0.0,29.745,4.805,4.807,269133000.0,681380000.0,2657163000.0,2657163000.0,0.0,0.104,0.158,0.287,0.105,48166000.0,1020284000.0,1.0,429250049.0,429399006,437669229.0,6.188,1709774000.0,76880000.0,107856000.0,0.0,3.982,888074000.0
29,UAA,MRT,2014-03-31,2014-03-31,2014-03-31,2021-08-05,504000.0,1599016000.0,1462283750.0,1125157000.0,473859000.0,1.711,2.591,-109216000.0,179926000.0,179926000.0,1281241000.0,168054000.0,2.905,0.442,151658000.0,104812000.0,46846000.0,151658000.0,0.0,56027000.0,0.0,0.0,0.0,276176000.0,332203000.0,0.133,332203000.0,276176000.0,273122000.0,0.387,0.382,0.387,1108577000.0,1001348250.0,1108577000.0,12023654290.0,44.0,36.194,-62146000.0,-0.145,1.0,1220809000.0,0.488,154959000.0,3054000.0,1028537000.0,891545750.0,472244000.0,0.0,0.0,0.0,490439000.0,387252000.0,103187000.0,12218220290.0,-75796000.0,-159021000.0,19060000.0,94707000.0,0.0,150746000.0,-270673000.0,-1700000.0,47070000.0,-2939000.0,168054000.0,168054000.0,168054000.0,0.0,0.0,0.067,942347000.0,278462000.0,166920000.0,0.0,11.022,72.704,74.057,240721000.0,0.0,28.66,4.883,4.9,331299000.0,664870000.0,2502050000.0,2502050000.0,0.0,0.115,0.168,0.31,0.11,44496000.0,942347000.0,1.0,426316130.0,427777591,436899812.0,5.849,1444057000.0,76369000.0,105068000.0,0.0,3.376,737905000.0
30,UAA,MRT,2013-12-31,2013-12-31,2013-12-31,2021-08-05,2194000.0,1577741000.0,1347651750.0,1128811000.0,448930000.0,1.73,2.482,-87830000.0,347489000.0,347489000.0,1195381000.0,162330000.0,2.646,0.498,152923000.0,104972000.0,47951000.0,152923000.0,0.0,50549000.0,0.0,0.0,0.0,263926000.0,314475000.0,0.135,314475000.0,263926000.0,260993000.0,0.382,0.372,0.382,1053354000.0,934993500.0,1053354000.0,9154986781.0,35.0,29.112,32240000.0,0.076,1.0,1136670000.0,0.487,146341000.0,2933000.0,810204000.0,818171500.0,469006000.0,0.0,0.0,0.0,524387000.0,426630000.0,97757000.0,9287181781.0,5648000.0,-148097000.0,15103000.0,94529000.0,0.0,126795000.0,-238102000.0,-1700000.0,120070000.0,-3115000.0,162330000.0,162330000.0,162330000.0,0.0,0.0,0.07,871572000.0,265098000.0,165456000.0,0.0,8.817,57.212,57.134,223952000.0,0.0,21.825,3.982,3.972,209952000.0,653842000.0,2332051000.0,2332051000.0,0.0,0.12,0.174,0.323,0.113,43184000.0,871572000.0,1.0,425529520.0,424379669,434978284.0,5.495,1431400000.0,69471000.0,98663000.0,0.0,3.373,702181000.0
31,UAA,MRT,2013-09-30,2013-09-30,2013-09-30,2021-08-05,2422000.0,1396990000.0,1242487250.0,1122915000.0,274075000.0,1.735,2.273,-75158000.0,186377000.0,186377000.0,1114606000.0,148296000.0,3.372,0.445,54182000.0,5034000.0,49148000.0,54182000.0,0.0,47379000.0,0.0,0.0,0.0,246919000.0,294298000.0,0.137,294298000.0,246919000.0,243587000.0,0.35,0.348,0.35,966455000.0,875885500.0,966455000.0,8271927374.0,34.0,28.107,18274000.0,0.043,1.0,1040552000.0,0.483,3721000.0,3332000.0,928090000.0,770725500.0,497406000.0,0.0,0.0,0.0,430535000.0,332984000.0,97551000.0,8440270374.0,29330000.0,0.0,14310000.0,-19069000.0,0.0,10660000.0,-73448000.0,-1700000.0,93432000.0,-1314000.0,148296000.0,148296000.0,148296000.0,0.0,0.0,0.069,792329000.0,248223000.0,184405000.0,0.0,8.733,56.915,56.75,201603000.0,0.0,19.863,3.916,3.918,353257000.0,590582000.0,2155158000.0,2155158000.0,0.0,0.119,0.169,0.32,0.115,30276000.0,792329000.0,1.0,424934946.0,425100746,434128300.0,5.07,1393269000.0,56577000.0,95291000.0,0.0,3.278,789931000.0
32,UAA,MRT,2013-06-30,2013-06-30,2013-06-30,2021-08-05,-230000.0,1275388000.0,1162899500.0,1011955000.0,263433000.0,1.726,2.068,-66786000.0,223842000.0,223842000.0,1036400000.0,132829000.0,3.33,0.454,55499000.0,5112000.0,50387000.0,55499000.0,0.0,45986000.0,0.0,0.0,0.0,217152000.0,263138000.0,0.131,263138000.0,217152000.0,213208000.0,0.318,0.313,0.318,877007000.0,823866750.0,877007000.0,6122799527.0,28.0,23.268,69334000.0,0.164,1.0,970808000.0,0.484,3798000.0,3944000.0,799352000.0,722495500.0,490943000.0,0.0,0.0,0.0,398381000.0,303895000.0,94486000.0,6318076527.0,80914000.0,0.0,14662000.0,-19404000.0,0.0,9888000.0,-64846000.0,-1700000.0,136120000.0,-248000.0,132829000.0,132829000.0,132829000.0,0.0,0.0,0.066,752434000.0,218374000.0,217925000.0,0.0,7.204,47.565,46.942,190924000.0,0.0,14.928,3.148,3.154,212836000.0,517798000.0,2007208000.0,2007208000.0,0.0,0.114,0.161,0.301,0.108,28373000.0,752434000.0,1.0,423250814.0,424045315,432714346.0,4.733,1271590000.0,58685000.0,80379000.0,0.0,2.999,708060000.0
33,UAA,MRT,2013-03-31,2013-03-31,2013-03-31,2021-08-05,24000.0,1140488000.0,1095224750.0,887441000.0,253047000.0,1.755,1.995,-60140000.0,255722000.0,255722000.0,1001496000.0,121931000.0,4.301,0.353,60445000.0,8787000.0,51658000.0,60445000.0,0.0,44333000.0,0.0,0.0,0.0,197869000.0,242202000.0,0.126,242202000.0,197869000.0,193316000.0,0.293,0.288,0.293,843158000.0,776898250.0,843158000.0,5122294706.0,26.0,21.149,138133000.0,0.327,1.0,920644000.0,0.479,3842000.0,4553000.0,735040000.0,692379250.0,323509000.0,0.0,0.0,0.0,297330000.0,206329000.0,91001000.0,5402246706.0,148670000.0,0.0,12578000.0,-19847000.0,0.0,5321000.0,-56223000.0,0.0,198273000.0,1299000.0,121931000.0,121931000.0,121931000.0,0.0,0.0,0.063,722860000.0,197784000.0,127327000.0,0.0,6.407,44.306,43.686,180591000.0,0.0,12.8,2.811,2.814,246218000.0,500946000.0,1922140000.0,1922140000.0,0.0,0.111,0.157,0.286,0.103,25335000.0,722860000.0,1.0,422050524.0,422566907,431421243.0,4.549,1136646000.0,51046000.0,71385000.0,0.0,2.69,681112000.0
34,UAA,MRT,2012-12-31,2012-12-31,2012-12-31,2021-08-05,2368000.0,1157083000.0,1040162000.0,903598000.0,253485000.0,1.764,1.944,-50650000.0,341841000.0,341841000.0,955624000.0,128778000.0,3.582,0.416,61889000.0,9132000.0,52757000.0,61889000.0,0.0,43082000.0,0.0,0.0,0.0,208622000.0,251704000.0,0.137,251704000.0,208622000.0,203439000.0,0.308,0.303,0.308,816922000.0,734630750.0,816922000.0,5029991582.0,24.0,19.984,149111000.0,0.355,1.0,879297000.0,0.479,4483000.0,5183000.0,620420000.0,684025250.0,319286000.0,0.0,0.0,0.0,340161000.0,252228000.0,87933000.0,5114804582.0,166457000.0,0.0,14776000.0,-20347000.0,0.0,12297000.0,-46931000.0,0.0,199761000.0,1330000.0,128778000.0,128778000.0,128778000.0,0.0,0.0,0.07,670602000.0,208695000.0,143689000.0,0.0,6.261,39.718,39.391,180850000.0,0.0,12.133,2.787,2.779,175524000.0,493181000.0,1834921000.0,1834921000.0,0.0,0.124,0.175,0.305,0.114,19845000.0,670602000.0,1.0,421578783.0,420331167,428536937.0,4.365,1152600000.0,45657000.0,74661000.0,0.0,2.742,651370000.0
35,UAA,MRT,2012-09-30,2012-09-30,2012-09-30,2021-08-05,1496000.0,1078639000.0,980693750.0,842302000.0,236337000.0,1.766,1.801,-25645000.0,157047000.0,157047000.0,899217000.0,111198000.0,3.318,0.422,72234000.0,41552000.0,30682000.0,72234000.0,0.0,42088000.0,0.0,0.0,0.0,182967000.0,225055000.0,0.13,225055000.0,182967000.0,177576000.0,0.266,0.261,0.266,758380000.0,689508250.0,758380000.0,5804462077.0,32.0,25.791,109645000.0,0.26,1.0,832967000.0,0.481,4815000.0,5391000.0,735170000.0,687022250.0,312158000.0,0.0,0.0,0.0,320259000.0,253841000.0,66418000.0,5873504077.0,89188000.0,-23164000.0,17518000.0,-37282000.0,0.0,-242000.0,-49279000.0,-162000.0,135290000.0,3419000.0,111198000.0,111198000.0,111198000.0,0.0,0.0,0.064,650562000.0,182405000.0,112187000.0,0.0,7.745,52.82,52.472,170157000.0,0.0,13.957,3.391,3.393,311001000.0,443437000.0,1732184000.0,1732184000.0,0.0,0.113,0.161,0.266,0.106,19626000.0,650562000.0,1.0,420813475.0,421024045,430208706.0,4.114,1073824000.0,39914000.0,66378000.0,0.0,2.551,588461000.0
36,UAA,MRT,2012-06-30,2012-06-30,2012-06-30,2021-08-05,884000.0,1004689000.0,936068500.0,777295000.0,227394000.0,1.733,1.64,-49605000.0,142928000.0,142928000.0,844834000.0,99868000.0,3.09,0.458,73886000.0,42387000.0,31499000.0,73886000.0,0.0,40285000.0,0.0,0.0,0.0,165790000.0,206075000.0,0.127,206075000.0,165790000.0,160150000.0,0.241,0.236,0.241,689133000.0,647929500.0,689133000.0,4929161309.0,30.0,23.919,22451000.0,0.053,1.0,777677000.0,0.479,5222000.0,5640000.0,678887000.0,685608500.0,380895000.0,0.0,0.0,0.0,315556000.0,251538000.0,64018000.0,4960432309.0,23244000.0,-23164000.0,15441000.0,-2288000.0,0.0,29846000.0,-78116000.0,78000.0,72056000.0,-542000.0,99868000.0,99868000.0,99868000.0,0.0,0.0,0.062,611287000.0,166390000.0,145649000.0,0.0,7.198,49.67,49.004,163829000.0,0.0,11.81,3.057,3.059,175249000.0,386454000.0,1622511000.0,1622511000.0,0.0,0.107,0.154,0.242,0.102,21279000.0,611287000.0,1.0,420019671.0,420254629,426893366.0,3.861,999467000.0,39206000.0,60282000.0,0.0,2.378,525757000.0
37,UAA,MRT,2012-03-31,2012-03-31,2012-03-31,2021-08-05,2162000.0,920237000.0,876443500.0,694102000.0,226135000.0,1.762,1.611,-54221000.0,107052000.0,107052000.0,801385000.0,99441000.0,3.799,0.365,75781000.0,43330000.0,32451000.0,75781000.0,0.0,38279000.0,0.0,0.0,0.0,164556000.0,202835000.0,0.131,202835000.0,164556000.0,159939000.0,0.241,0.236,0.241,674088000.0,610262750.0,674088000.0,4802811024.0,29.0,23.678,-26554000.0,-0.063,1.0,742989000.0,0.481,4648000.0,4617000.0,701624000.0,642726750.0,324354000.0,0.0,0.0,0.0,246149000.0,182694000.0,63455000.0,4900471024.0,-3792000.0,-23164000.0,14687000.0,22819000.0,0.0,51929000.0,-82622000.0,-10000.0,27667000.0,-766000.0,99441000.0,99441000.0,99441000.0,0.0,0.0,0.064,576961000.0,166028000.0,95844000.0,0.0,7.27,49.28,48.755,158482000.0,0.0,11.75,3.173,3.183,196411000.0,380248000.0,1544374000.0,1544374000.0,0.0,0.113,0.163,0.256,0.107,21166000.0,576961000.0,1.0,417061364.0,418333101,425817794.0,3.692,915589000.0,34625000.0,60498000.0,0.0,2.189,511408000.0
38,UAA,MRT,2011-12-31,2011-12-31,2011-12-31,2021-08-05,2028000.0,919210000.0,819311750.0,689663000.0,229547000.0,1.797,1.532,-56228000.0,175384000.0,175384000.0,759848000.0,96919000.0,3.756,0.444,77724000.0,6882000.0,70842000.0,77724000.0,0.0,36301000.0,0.0,0.0,0.0,160703000.0,197004000.0,0.134,197004000.0,160703000.0,156862000.0,0.233,0.228,0.233,636432000.0,573034500.0,636432000.0,3780478585.0,24.0,19.19,-41010000.0,-0.099,1.0,712836000.0,0.484,5535000.0,3841000.0,632408000.0,580938750.0,324409000.0,0.0,0.0,0.0,282778000.0,183607000.0,99171000.0,3738821585.0,-28486000.0,-23164000.0,14645000.0,20902000.0,0.0,45807000.0,-89436000.0,-3862000.0,15218000.0,-75000.0,96919000.0,96919000.0,96919000.0,0.0,0.0,0.066,550069000.0,162767000.0,100527000.0,0.0,5.875,38.577,38.514,159135000.0,0.0,8.974,2.539,2.532,134043000.0,366164000.0,1472684000.0,1472684000.0,0.0,0.118,0.169,0.277,0.109,18063000.0,550069000.0,1.0,416639820.0,415485050,423187275.0,3.544,913675000.0,32069000.0,59943000.0,0.0,2.199,506056000.0
39,UAA,MRT,2011-09-30,2011-09-30,2011-09-30,2021-08-05,2321000.0,900138000.0,758353750.0,672004000.0,228134000.0,1.807,1.425,-75782000.0,67859000.0,67859000.0,710215000.0,87315000.0,3.21,0.52,109516000.0,36046000.0,73470000.0,109516000.0,0.0,34098000.0,0.0,0.0,0.0,140448000.0,174546000.0,0.127,174546000.0,140448000.0,137430000.0,0.211,0.209,0.211,592065000.0,538168000.0,592065000.0,3365217603.0,24.0,19.28,-119845000.0,-0.289,1.0,660509000.0,0.482,2916000.0,3018000.0,729515000.0,506434000.0,318888000.0,0.0,0.0,0.0,308073000.0,209364000.0,98709000.0,3448044603.0,-66077000.0,0.0,13859000.0,50094000.0,0.0,72505000.0,-96800000.0,-14825000.0,-44063000.0,2281000.0,87315000.0,87315000.0,87315000.0,0.0,0.0,0.064,517854000.0,142655000.0,103343000.0,0.0,5.824,39.49,39.342,163256000.0,0.0,8.301,2.515,2.516,235907000.0,333612000.0,1370724000.0,1370724000.0,0.0,0.115,0.162,0.277,0.102,19773000.0,517854000.0,1.0,415364506.0,415388370,423199360.0,3.3,897222000.0,39455000.0,50115000.0,0.0,2.16,462640000.0
40,UAA,MRT,2011-06-30,2011-06-30,2011-06-30,2021-08-05,3039000.0,766189000.0,694035000.0,621327000.0,144862000.0,1.778,1.296,-45156000.0,119684000.0,119684000.0,630989000.0,76185000.0,3.601,0.423,36857000.0,5567000.0,31290000.0,36857000.0,0.0,32702000.0,0.0,0.0,0.0,123181000.0,155883000.0,0.126,155883000.0,123181000.0,121173000.0,0.184,0.184,0.184,538466000.0,505499500.0,538466000.0,3928552449.0,32.0,25.202,-66390000.0,-0.16,1.0,602780000.0,0.489,3449000.0,2008000.0,507360000.0,416802250.0,311066000.0,0.0,0.0,0.0,227723000.0,172553000.0,55170000.0,4025752449.0,-36405000.0,0.0,14081000.0,19702000.0,0.0,42787000.0,-61527000.0,-15065000.0,-21234000.0,3569000.0,76185000.0,76185000.0,76185000.0,0.0,0.0,0.062,478401000.0,124379000.0,118237000.0,0.0,7.476,52.842,52.52,90719000.0,0.0,9.664,3.263,3.255,139590000.0,287813000.0,1233769000.0,1233769000.0,0.0,0.11,0.151,0.296,0.1,17093000.0,478401000.0,1.0,416582843.0,415605901,423114764.0,2.969,762740000.0,37229000.0,44988000.0,0.0,1.835,448774000.0
41,UAA,MRT,2011-03-31,2011-03-31,2011-03-31,2021-08-05,2707000.0,691710000.0,645012500.0,558104000.0,133606000.0,1.779,1.267,-33874000.0,110844000.0,110844000.0,579292000.0,73446000.0,4.102,0.317,13644000.0,5984000.0,7660000.0,13644000.0,0.0,32337000.0,0.0,0.0,0.0,118910000.0,151247000.0,0.132,151247000.0,118910000.0,116619000.0,0.177,0.177,0.177,525175000.0,476661750.0,525175000.0,3319074586.0,28.0,21.945,-57481000.0,-0.139,1.0,567927000.0,0.495,3982000.0,2291000.0,454472000.0,365477750.0,248614000.0,0.0,0.0,0.0,166535000.0,136056000.0,30479000.0,3507002586.0,-55118000.0,0.0,13272000.0,-5833000.0,0.0,16249000.0,-50157000.0,-14977000.0,-23607000.0,2397000.0,73446000.0,73446000.0,73446000.0,0.0,0.0,0.064,448014000.0,119913000.0,88678000.0,0.0,6.678,47.749,48.058,80298000.0,0.0,8.506,3.057,3.073,163385000.0,281825000.0,1147219000.0,1147219000.0,0.0,0.114,0.154,0.325,0.104,16206000.0,448014000.0,1.0,412285389.0,414469904,422059334.0,2.768,687728000.0,37004000.0,43173000.0,0.0,1.659,422048000.0
42,UAA,MRT,2010-12-31,2010-12-31,2010-12-31,2021-08-05,2041000.0,675378000.0,609397750.0,555850000.0,119528000.0,1.746,1.214,-30182000.0,203870000.0,203870000.0,533420000.0,68477000.0,3.727,0.359,15942000.0,6865000.0,9077000.0,15942000.0,0.0,31321000.0,0.0,0.0,0.0,111177000.0,142498000.0,0.134,142498000.0,111177000.0,108919000.0,0.166,0.166,0.166,496966000.0,448579750.0,496966000.0,2701084123.0,24.0,18.955,19932000.0,0.049,1.0,530507000.0,0.499,3914000.0,2258000.0,334389000.0,322964250.0,215355000.0,0.0,0.0,0.0,178412000.0,149147000.0,29265000.0,2816477123.0,16573000.0,0.0,7335000.0,-4281000.0,0.0,7243000.0,-41785000.0,-11125000.0,50114000.0,1001000.0,68477000.0,68477000.0,68477000.0,0.0,0.0,0.064,418152000.0,112355000.0,84679000.0,0.0,5.667,41.13,41.295,76127000.0,0.0,6.855,2.647,2.637,102034000.0,270021000.0,1063927000.0,1063927000.0,0.0,0.112,0.153,0.344,0.104,16227000.0,418152000.0,1.0,410864642.0,409261234,413160687.0,2.6,671464000.0,36540000.0,40442000.0,0.0,1.641,406703000.0
43,UAA,MRT,2010-09-30,2010-09-30,2010-09-30,2021-08-05,1028000.0,642863000.0,576950250.0,536345000.0,106518000.0,1.707,1.125,-26329000.0,133936000.0,133936000.0,496197000.0,60731000.0,3.521,0.393,18543000.0,8067000.0,10476000.0,18543000.0,0.0,30645000.0,0.0,0.0,0.0,102804000.0,133449000.0,0.135,133449000.0,102804000.0,100701000.0,0.148,0.148,0.148,461391000.0,424337500.0,461391000.0,2168459685.0,21.0,16.249,35148000.0,0.086,1.0,488781000.0,0.496,4148000.0,2103000.0,370988000.0,302534750.0,196170000.0,0.0,0.0,0.0,181472000.0,152334000.0,29138000.0,2308956685.0,40560000.0,0.0,4593000.0,265000.0,0.0,8313000.0,-26654000.0,0.0,61477000.0,-2576000.0,60731000.0,60731000.0,60731000.0,0.0,0.0,0.062,384683000.0,104098000.0,90815000.0,0.0,5.004,38.019,38.041,76559000.0,0.0,5.63,2.344,2.345,174207000.0,247074000.0,984978000.0,984978000.0,0.0,0.105,0.143,0.34,0.104,15196000.0,384683000.0,1.0,410116640.0,410296523,412246249.0,2.401,638715000.0,31460000.0,39970000.0,0.0,1.557,384011000.0
44,UAA,MRT,2010-06-30,2010-06-30,2010-06-30,2021-08-05,3420000.0,570099000.0,545251500.0,467550000.0,102549000.0,1.698,1.035,-23490000.0,156089000.0,156089000.0,471227000.0,52056000.0,3.805,0.347,15592000.0,8186000.0,7406000.0,15592000.0,0.0,30065000.0,0.0,0.0,0.0,93458000.0,123523000.0,0.133,123523000.0,93458000.0,91431000.0,0.128,0.128,0.128,423115000.0,403368250.0,423115000.0,1543351419.0,17.0,12.494,75924000.0,0.186,1.0,454729000.0,0.491,4657000.0,2027000.0,302062000.0,289641750.0,179150000.0,0.0,0.0,0.0,146984000.0,122883000.0,24101000.0,1691398419.0,76547000.0,0.0,4417000.0,-4741000.0,0.0,2931000.0,-23845000.0,0.0,99414000.0,-1953000.0,52056000.0,52056000.0,52056000.0,0.0,0.0,0.056,360257000.0,94472000.0,81183000.0,0.0,3.997,32.492,32.354,74900000.0,0.0,4.141,1.827,1.829,96314000.0,212780000.0,925956000.0,925956000.0,0.0,0.095,0.129,0.323,0.101,13906000.0,360257000.0,1.0,408427025.0,408991334,411368066.0,2.264,565442000.0,29332000.0,39375000.0,0.0,1.383,344667000.0
45,UAA,MRT,2010-03-31,2010-03-31,2010-03-31,2021-08-05,1597000.0,549251000.0,523152750.0,447232000.0,102019000.0,1.693,1.016,-18936000.0,165962000.0,165962000.0,457286000.0,49993000.0,4.007,0.33,17915000.0,8994000.0,8921000.0,17915000.0,0.0,29014000.0,0.0,0.0,0.0,89752000.0,118766000.0,0.134,118766000.0,89752000.0,87722000.0,0.123,0.123,0.123,412847000.0,384506500.0,412847000.0,1322773772.0,15.0,11.138,90122000.0,0.222,1.0,428532000.0,0.484,5168000.0,2030000.0,284418000.0,291018750.0,147865000.0,0.0,0.0,0.0,136404000.0,111618000.0,24786000.0,1489847772.0,100390000.0,0.0,5325000.0,-738000.0,0.0,10229000.0,-19296000.0,0.0,109058000.0,399000.0,49993000.0,49993000.0,49993000.0,0.0,0.0,0.056,337571000.0,90961000.0,68586000.0,0.0,3.609,29.801,29.888,74539000.0,0.0,3.676,1.682,1.686,110332000.0,209278000.0,885818000.0,885818000.0,0.0,0.096,0.13,0.308,0.101,13589000.0,337571000.0,1.0,405262910.0,406211766,410191785.0,2.181,544083000.0,28326000.0,37729000.0,0.0,1.339,335614000.0
46,UAA,MRT,2009-12-31,2009-12-31,2009-12-31,2021-08-05,464000.0,545588000.0,500419000.0,448000000.0,97588000.0,1.711,0.996,-19845000.0,187297000.0,187297000.0,446286000.0,46785000.0,3.728,0.364,20223000.0,9275000.0,10948000.0,20223000.0,0.0,28249000.0,0.0,0.0,0.0,84762000.0,113011000.0,0.132,113011000.0,84762000.0,82418000.0,0.117,0.114,0.117,399997000.0,365984250.0,399997000.0,1302680794.0,15.0,11.527,99196000.0,0.247,1.0,410125000.0,0.479,5681000.0,2344000.0,252671000.0,297164500.0,148488000.0,0.0,0.0,0.0,145591000.0,120162000.0,25429000.0,1377779794.0,85255000.0,0.0,5128000.0,-26722000.0,0.0,-16467000.0,-19880000.0,0.0,119041000.0,2561000.0,46785000.0,46785000.0,46785000.0,0.0,0.0,0.055,324852000.0,85273000.0,68710000.0,0.0,3.444,29.449,29.135,72926000.0,0.0,3.409,1.609,1.599,79356000.0,202188000.0,856411000.0,856411000.0,0.0,0.093,0.128,0.285,0.099,12910000.0,324852000.0,1.0,404189158.0,401611379,408072868.0,2.132,539907000.0,26778000.0,35633000.0,0.0,1.344,327838000.0
47,UAA,MRT,2009-09-30,2009-09-30,2009-09-30,2021-08-05,-45000.0,516068000.0,485910750.0,419391000.0,96677000.0,1.674,0.936,-23781000.0,93376000.0,93376000.0,428165000.0,39904000.0,3.636,0.367,18277000.0,8292000.0,9985000.0,18277000.0,0.0,26659000.0,0.0,0.0,0.0,76299000.0,102958000.0,0.127,102958000.0,76299000.0,74038000.0,0.099,0.099,0.099,377514000.0,348759250.0,377514000.0,1341825873.0,18.0,13.033,64839000.0,0.161,1.0,385308000.0,0.474,6203000.0,2261000.0,319416000.0,307127750.0,152753000.0,0.0,0.0,0.0,138554000.0,115350000.0,23204000.0,1401034873.0,53224000.0,0.0,4764000.0,-20641000.0,0.0,-11371000.0,-24441000.0,0.0,88620000.0,416000.0,39904000.0,39904000.0,39904000.0,0.0,0.0,0.049,302581000.0,82727000.0,59257000.0,0.0,3.711,35.11,35.139,73557000.0,0.0,3.479,1.722,1.724,145043000.0,186986000.0,813473000.0,813473000.0,0.0,0.082,0.114,0.248,0.094,10348000.0,304095000.0,1.0,402740890.0,403206609,408870483.0,2.018,509865000.0,24256000.0,34134000.0,0.0,1.265,304041000.0
48,UAA,MRT,2009-06-30,2009-06-30,2009-06-30,2021-08-05,325000.0,481704000.0,475615250.0,385891000.0,95813000.0,1.631,0.868,-30388000.0,79542000.0,79542000.0,405618000.0,39385000.0,3.566,0.386,20333000.0,8276000.0,12057000.0,20333000.0,0.0,25107000.0,0.0,0.0,0.0,73994000.0,99101000.0,0.128,99101000.0,73994000.0,72088000.0,0.099,0.098,0.099,347668000.0,334324500.0,347668000.0,1070571456.0,14.0,10.803,68876000.0,0.172,1.0,370255000.0,0.477,6724000.0,1906000.0,307570000.0,311448000.0,181365000.0,0.0,0.0,0.0,134036000.0,108201000.0,25835000.0,1117490456.0,66217000.0,0.0,3883000.0,-10596000.0,0.0,-2781000.0,-31094000.0,0.0,99264000.0,828000.0,39385000.0,39385000.0,39385000.0,0.0,0.0,0.051,289737000.0,80518000.0,70174000.0,0.0,3.214,28.374,28.258,74753000.0,0.0,2.797,1.44,1.445,85421000.0,161412000.0,775873000.0,775873000.0,0.0,0.083,0.118,0.238,0.095,10226000.0,289626000.0,1.0,399460395.0,400628459,407484727.0,1.937,474980000.0,26013000.0,32703000.0,0.0,1.186,277690000.0
49,UAA,MRT,2009-03-31,2009-03-31,2009-03-31,2021-08-05,683000.0,458316000.0,459552500.0,364206000.0,94110000.0,1.671,0.851,-37916000.0,65572000.0,65572000.0,400472000.0,39321000.0,3.742,0.353,18653000.0,7311000.0,11342000.0,18653000.0,0.0,23689000.0,0.0,0.0,0.0,73760000.0,97449000.0,0.127,97449000.0,73760000.0,72140000.0,0.099,0.098,0.099,338758000.0,320120250.0,338758000.0,759746798.0,10.0,7.796,46639000.0,0.117,1.0,367430000.0,0.478,5064000.0,1620000.0,309001000.0,316638000.0,164426000.0,0.0,0.0,0.0,119558000.0,97332000.0,22226000.0,816197798.0,47981000.0,0.0,2135000.0,-1516000.0,0.0,2687000.0,-38710000.0,0.0,84555000.0,-551000.0,39321000.0,39321000.0,39321000.0,0.0,0.0,0.051,287508000.0,79922000.0,61901000.0,0.0,2.409,20.757,20.745,76085000.0,0.0,2.054,1.063,1.065,105999000.0,159973000.0,767902000.0,767902000.0,0.0,0.086,0.123,0.233,0.096,9595000.0,286908000.0,1.0,397418283.0,398163102,406300390.0,1.929,453252000.0,22675000.0,32819000.0,0.0,1.138,266874000.0
50,UAA,MRT,2008-12-31,2008-12-31,2008-12-31,2021-08-05,405000.0,487555000.0,442105750.0,396423000.0,91132000.0,1.64,0.837,-38573000.0,102042000.0,102042000.0,372203000.0,38229000.0,2.978,0.473,45591000.0,32433000.0,13158000.0,45591000.0,0.0,21347000.0,0.0,0.0,0.0,70750000.0,92097000.0,0.127,92097000.0,70750000.0,69900000.0,0.097,0.094,0.097,331097000.0,306882000.0,331097000.0,1180846379.0,17.0,12.822,30943000.0,0.078,1.0,353041000.0,0.487,5470000.0,850000.0,292524000.0,314949750.0,182232000.0,0.0,0.0,0.0,156458000.0,133110000.0,23348000.0,1183434379.0,61454000.0,0.0,1990000.0,31260000.0,0.0,35381000.0,-42066000.0,0.0,69516000.0,-1377000.0,38229000.0,38229000.0,38229000.0,0.0,0.0,0.053,276116000.0,76925000.0,72435000.0,0.0,3.574,30.956,30.722,73548000.0,0.0,2.98,1.632,1.625,81302000.0,156011000.0,725244000.0,725244000.0,0.0,0.086,0.125,0.225,0.098,8466000.0,276116000.0,1.0,397125631.0,395472158,405591398.0,1.834,482085000.0,21511000.0,31671000.0,0.0,1.219,263313000.0
51,UAA,MRT,2008-09-30,2008-09-30,2008-09-30,2021-08-05,572000.0,474886000.0,417870250.0,387785000.0,87101000.0,1.725,0.806,-38563000.0,40152000.0,40152000.0,365950000.0,46783000.0,2.989,0.485,37564000.0,22602000.0,14962000.0,37564000.0,0.0,20109000.0,0.0,0.0,0.0,79953000.0,100062000.0,0.139,100062000.0,79953000.0,80204000.0,0.119,0.117,0.119,319775000.0,294229000.0,319775000.0,1590782842.0,20.0,15.898,262000.0,0.001,1.0,354853000.0,0.492,5877000.0,-251000.0,336697000.0,307365750.0,163612000.0,0.0,0.0,0.0,155111000.0,129724000.0,25387000.0,1574532842.0,25679000.0,0.0,2126000.0,22949000.0,0.0,28038000.0,-41431000.0,0.0,38825000.0,247000.0,46783000.0,46783000.0,46783000.0,0.0,0.0,0.065,274900000.0,79953000.0,63265000.0,0.0,4.924,33.656,33.361,70645000.0,0.0,3.97,2.184,2.184,151086000.0,147690000.0,720803000.0,720803000.0,0.0,0.112,0.159,0.26,0.111,7094000.0,272547000.0,1.0,396607769.0,396527588,406340673.0,1.818,469009000.0,20067000.0,33421000.0,10656000.0,1.183,258061000.0
52,UAA,MRT,2008-06-30,2008-06-30,2008-06-30,2021-08-05,651000.0,417453000.0,395216250.0,333199000.0,84254000.0,1.71,0.737,-37484000.0,13325000.0,13325000.0,344617000.0,41150000.0,3.343,0.435,29575000.0,12800000.0,16775000.0,29575000.0,0.0,18279000.0,0.0,0.0,0.0,69582000.0,87861000.0,0.13,87861000.0,69582000.0,69944000.0,0.107,0.103,0.107,290851000.0,279480000.0,290851000.0,1265269602.0,18.0,14.401,-42065000.0,-0.107,1.0,331103000.0,0.49,5697000.0,-362000.0,328330000.0,288033500.0,183909000.0,0.0,0.0,0.0,126602000.0,99676000.0,26926000.0,1264045602.0,-12351000.0,0.0,2604000.0,24068000.0,0.0,32278000.0,-40276000.0,0.0,-4581000.0,228000.0,41150000.0,41150000.0,41150000.0,0.0,0.0,0.061,261521000.0,69582000.0,57803000.0,0.0,4.346,30.718,29.953,66010000.0,0.0,3.205,1.871,1.872,102659000.0,122027000.0,675720000.0,675720000.0,0.0,0.104,0.147,0.242,0.103,5957000.0,261467000.0,1.0,394398004.0,394771223,405091882.0,1.712,411756000.0,26422000.0,28794000.0,474000.0,1.043,233523000.0
53,UAA,MRT,2008-03-31,2008-03-31,2008-03-31,2021-08-05,662000.0,388529000.0,370318500.0,311307000.0,77222000.0,1.727,0.726,-34637000.0,17591000.0,17591000.0,320276000.0,45487000.0,3.823,0.359,18815000.0,6008000.0,12807000.0,18815000.0,0.0,16140000.0,0.0,0.0,0.0,76462000.0,92602000.0,0.145,92602000.0,76462000.0,77121000.0,0.118,0.113,0.118,285805000.0,265585000.0,285805000.0,1770781118.0,23.0,19.122,-57850000.0,-0.147,1.0,319298000.0,0.499,6083000.0,-659000.0,302248000.0,259163500.0,167949000.0,0.0,0.0,0.0,102724000.0,81422000.0,21302000.0,1797037118.0,-39611000.0,0.0,2876000.0,12385000.0,0.0,20625000.0,-37461000.0,0.0,-23213000.0,438000.0,45487000.0,45487000.0,45487000.0,0.0,0.0,0.071,242836000.0,76462000.0,48236000.0,0.0,6.288,39.507,38.771,57403000.0,0.0,4.575,2.81,2.814,101991000.0,120652000.0,639574000.0,639574000.0,0.0,0.123,0.171,0.295,0.12,4968000.0,244771000.0,1.0,392794998.0,393425751,404842123.0,1.626,382446000.0,22009000.0,31634000.0,2986000.0,0.972,229885000.0
54,UAA,MRT,2007-12-31,2007-12-31,2007-12-31,2021-08-05,507000.0,390613000.0,345515750.0,322245000.0,68368000.0,1.756,0.72,-33959000.0,40588000.0,40588000.0,301517000.0,52558000.0,3.367,0.393,14332000.0,4576000.0,9756000.0,14332000.0,0.0,14622000.0,0.0,0.0,0.0,88294000.0,102916000.0,0.17,102916000.0,88294000.0,89043000.0,0.135,0.13,0.135,280485000.0,250789500.0,280485000.0,2137523224.0,24.0,20.77,-48587000.0,-0.125,1.0,305044000.0,0.503,6470000.0,-749000.0,262188000.0,227041000.0,166082000.0,0.0,0.0,0.0,110128000.0,95699000.0,14429000.0,2137381224.0,-30067000.0,0.0,3182000.0,8074000.0,0.0,18148000.0,-34084000.0,0.0,-14628000.0,497000.0,52558000.0,52558000.0,52558000.0,0.0,0.0,0.087,216750000.0,88294000.0,55012000.0,0.0,7.62,40.667,40.435,52332000.0,0.0,5.459,3.524,3.505,93515000.0,117782000.0,606561000.0,606561000.0,0.0,0.152,0.21,0.389,0.146,4182000.0,218779000.0,1.0,391551403.0,389502128,403971998.0,1.557,384143000.0,18591000.0,36485000.0,0.0,0.986,226546000.0
55,UAA,MRT,2007-09-30,2007-09-30,2007-09-30,2021-08-05,358000.0,384270000.0,320204500.0,319975000.0,64295000.0,1.771,0.672,-30395000.0,14473000.0,14473000.0,284403000.0,47534000.0,2.707,0.474,14615000.0,12612000.0,2003000.0,14615000.0,0.0,13046000.0,0.0,0.0,0.0,77919000.0,90965000.0,0.16,90965000.0,77919000.0,79376000.0,0.124,0.118,0.124,260779000.0,234265250.0,260779000.0,2897895108.0,37.0,31.857,-50738000.0,-0.131,1.0,282603000.0,0.498,6856000.0,-1457000.0,259368000.0,197877000.0,151760000.0,0.0,0.0,0.0,123491000.0,118188000.0,5303000.0,2918065108.0,-29784000.0,0.0,3368000.0,7136000.0,0.0,21118000.0,-30520000.0,0.0,-20343000.0,-39000.0,47534000.0,47534000.0,47534000.0,0.0,0.0,0.084,204684000.0,77919000.0,67022000.0,0.0,11.19,61.389,60.302,47624000.0,0.0,7.478,5.146,5.119,128334000.0,100907000.0,567006000.0,567006000.0,0.0,0.148,0.203,0.394,0.137,3656000.0,206847000.0,1.0,390246086.0,388196940,403520821.0,1.461,377414000.0,19888000.0,31842000.0,5679000.0,0.972,201787000.0
56,UAA,MRT,2007-06-30,2007-06-30,2007-06-30,2021-08-05,48000.0,317862000.0,290379250.0,261543000.0,56319000.0,1.749,0.609,-22941000.0,25676000.0,25676000.0,255127000.0,43474000.0,3.37,0.351,5506000.0,3048000.0,2458000.0,5506000.0,0.0,11857000.0,0.0,0.0,0.0,65596000.0,77453000.0,0.153,77453000.0,65596000.0,67053000.0,0.114,0.108,0.114,235271000.0,218173750.0,235271000.0,2163744420.0,33.0,27.936,-26338000.0,-0.068,1.0,252761000.0,0.498,7242000.0,-1457000.0,212850000.0,171813500.0,128760000.0,0.0,0.0,0.0,82591000.0,77600000.0,4991000.0,2214516420.0,-16242000.0,0.0,3806000.0,-3005000.0,0.0,10651000.0,-23066000.0,0.0,-3397000.0,-430000.0,43474000.0,43474000.0,43474000.0,0.0,0.0,0.086,187165000.0,65596000.0,54273000.0,0.0,9.413,50.939,50.055,40948000.0,0.0,5.706,4.36,4.343,83088000.0,80877000.0,507888000.0,507888000.0,0.0,0.15,0.199,0.382,0.129,3035000.0,188831000.0,1.0,388086120.0,386521142,401909477.0,1.314,310620000.0,20818000.0,23579000.0,0.0,0.804,183943000.0
57,UAA,MRT,2007-03-31,2007-03-31,2007-03-31,2021-08-05,-42000.0,289318000.0,268184500.0,238869000.0,50449000.0,1.743,0.591,-18569000.0,57202000.0,57202000.0,235453000.0,40186000.0,4.17,0.277,6430000.0,3469000.0,2961000.0,6430000.0,0.0,10958000.0,0.0,0.0,0.0,59683000.0,70641000.0,0.151,70641000.0,59683000.0,61140000.0,0.106,0.101,0.106,226623000.0,201276500.0,226623000.0,2407637289.0,40.0,34.083,-14318000.0,-0.037,1.0,231869000.0,0.496,7500000.0,-1457000.0,173758000.0,153296000.0,80068000.0,0.0,0.0,0.0,62695000.0,57288000.0,5407000.0,2472035289.0,-1090000.0,0.0,3716000.0,-2280000.0,0.0,13707000.0,-18569000.0,0.0,4251000.0,-479000.0,40186000.0,40186000.0,40186000.0,0.0,0.0,0.086,172186000.0,59683000.0,35964000.0,0.0,10.908,61.515,60.495,35423000.0,0.0,6.412,5.29,5.264,84553000.0,75165000.0,467322000.0,467322000.0,0.0,0.15,0.2,0.389,0.128,2480000.0,173094000.0,1.0,385502579.0,383652950,401369677.0,1.218,281818000.0,15220000.0,20954000.0,1966000.0,0.735,181581000.0
58,UAA,MRT,2006-12-31,2006-12-31,2006-12-31,2021-08-05,-103000.0,289368000.0,248662750.0,244952000.0,44416000.0,1.732,0.566,-15115000.0,70655000.0,70655000.0,215089000.0,38979000.0,3.423,0.35,6257000.0,3442000.0,2815000.0,6257000.0,0.0,9824000.0,0.0,0.0,0.0,57630000.0,67454000.0,0.157,67454000.0,57630000.0,59087000.0,0.103,0.098,0.103,214388000.0,184795750.0,214388000.0,2383336982.0,41.0,35.333,-4414000.0,-0.012,1.0,215600000.0,0.501,7875000.0,-1457000.0,145532000.0,138791250.0,81031000.0,0.0,0.0,0.0,74980000.0,71563000.0,3417000.0,2420374982.0,7678000.0,0.0,3544000.0,-2394000.0,0.0,12579000.0,-15115000.0,0.0,10701000.0,-487000.0,38979000.0,38979000.0,38979000.0,0.0,0.0,0.091,157970000.0,57630000.0,42718000.0,0.0,11.29,62.094,61.226,29923000.0,0.0,6.306,5.62,5.543,71867000.0,66376000.0,430689000.0,430689000.0,0.0,0.157,0.211,0.415,0.134,1982000.0,158682000.0,1.0,383805745.0,378528876,399508575.0,1.138,281493000.0,17635000.0,20108000.0,0.0,0.744,173389000.0
59,UAA,MRT,2006-09-30,2006-09-30,2006-09-30,2021-08-05,-23000.0,264969000.0,227242500.0,229775000.0,35194000.0,1.684,0.517,-13563000.0,44257000.0,44257000.0,193019000.0,34122000.0,3.559,0.349,7219000.0,3626000.0,3593000.0,7219000.0,0.0,8938000.0,0.0,0.0,0.0,50539000.0,59477000.0,0.155,59477000.0,50539000.0,52663000.0,0.083,0.077,0.083,196413000.0,168906250.0,196413000.0,1877868330.0,37.0,31.573,-16121000.0,-0.042,1.0,189690000.0,0.496,8250000.0,-2124000.0,155114000.0,127765500.0,74972000.0,0.0,0.0,0.0,68556000.0,64567000.0,3989000.0,1911534330.0,43933000.0,0.0,115519000.0,-50050000.0,0.0,60227000.0,-13563000.0,0.0,-2558000.0,-173000.0,34122000.0,30611000.0,30611000.0,0.0,0.0,0.08,139151000.0,50539000.0,38302000.0,0.0,9.732,62.446,60.271,25804000.0,3511000.0,5.003,4.995,4.967,89667000.0,54525000.0,382709000.0,382709000.0,0.0,0.135,0.181,0.396,0.132,1975000.0,137732000.0,1.0,382115808.0,379987142,399605255.0,1.007,256719000.0,13183000.0,18541000.0,0.0,0.676,165208000.0
60,UAA,MRT,2006-06-30,2006-06-30,2006-06-30,2021-08-05,-79000.0,229083000.0,197131000.0,202634000.0,26449000.0,1.733,0.444,-14429000.0,41918000.0,41918000.0,173590000.0,26538000.0,3.578,0.366,8252000.0,3815000.0,4437000.0,8252000.0,0.0,7997000.0,0.0,0.0,0.0,42862000.0,50859000.0,0.149,50859000.0,42862000.0,44150000.0,0.067,0.062,0.067,167682000.0,128240500.0,167682000.0,1971114138.0,46.0,38.756,-24202000.0,-0.064,1.0,167980000.0,0.492,0.0,-1288000.0,138780000.0,120540000.0,80220000.0,0.0,0.0,0.0,61401000.0,56637000.0,4764000.0,2020956138.0,41396000.0,0.0,114425000.0,-41415000.0,0.0,65614000.0,-14429000.0,0.0,-9773000.0,-16000.0,26538000.0,22428000.0,22428000.0,0.0,0.0,0.066,125118000.0,42862000.0,38890000.0,0.0,12.052,90.109,79.515,25287000.0,4110000.0,5.327,5.917,5.893,63244000.0,38556000.0,341570000.0,341570000.0,0.0,0.114,0.175,0.356,0.125,1686000.0,123522000.0,1.0,379344184.0,377811828,398292010.0,0.904,229083000.0,10842000.0,17612000.0,0.0,0.606,145997000.0
61,UAA,MRT,2006-03-31,2006-03-31,2006-03-31,2021-08-05,-5000.0,211231000.0,,186480000.0,24751000.0,,0.429,-11952000.0,58292000.0,58292000.0,156238000.0,25944000.0,4.085,0.314,8450000.0,3845000.0,4605000.0,8450000.0,0.0,7161000.0,0.0,0.0,0.0,42755000.0,49916000.0,0.161,49916000.0,42755000.0,43344000.0,0.065,0.06,0.065,160700000.0,,160700000.0,1477900752.0,35.0,29.608,79000.0,0.0,1.0,154324000.0,0.497,0.0,-589000.0,115739000.0,,53475000.0,0.0,0.0,0.0,50531000.0,45650000.0,4881000.0,1532486752.0,57613000.0,0.0,114203000.0,-45764000.0,0.0,57615000.0,-11952000.0,0.0,12031000.0,-81000.0,25944000.0,21235000.0,21235000.0,0.0,0.0,0.068,111569000.0,42755000.0,24761000.0,0.0,9.536,72.168,62.308,23659000.0,4709000.0,4.05,4.935,4.884,63217000.0,36132000.0,310562000.0,310562000.0,0.0,,,,0.138,1392000.0,109231000.0,1.0,378391791.0,374524686,398799583.0,0.829,211231000.0,6433000.0,17400000.0,4753000.0,0.564,140830000.0
62,UAA,MRT,2005-12-31,2005-12-31,2005-12-31,2021-08-05,-3000.0,203687000.0,157332000.0,181790000.0,21897000.0,1.786,0.503,-10833000.0,62977000.0,62977000.0,145203000.0,19719000.0,3.813,0.35,8391000.0,3808000.0,4583000.0,8391000.0,0.0,6546000.0,0.0,0.0,0.0,32974000.0,39520000.0,0.141,39520000.0,32974000.0,32974000.0,0.048,0.045,0.048,150830000.0,86033500.0,150830000.0,1845388484.0,56.0,46.695,4962000.0,0.017,1.0,135850000.0,0.483,0.0,0.0,101429000.0,88340500.0,53607000.0,0.0,0.0,0.0,52857000.0,47672000.0,5185000.0,1789170484.0,61892000.0,0.0,113666000.0,-39906000.0,-5000000.0,56989000.0,-10833000.0,0.0,15795000.0,-59000.0,19719000.0,14412000.0,14412000.0,0.0,0.0,0.051,102876000.0,32974000.0,31699000.0,0.0,11.862,124.144,99.766,20865000.0,5307000.0,4.789,6.366,5.107,53132000.0,28067000.0,281053000.0,281053000.0,0.0,0.092,0.168,0.373,0.117,1177000.0,100040000.0,1.0,373619521.0,299701927,319738990.0,0.938,203687000.0,6822000.0,13255000.0,1046000.0,0.68,134118000.0
63,UAA,MRT,2005-09-30,2005-09-30,2005-09-30,2021-08-05,11000.0,144523000.0,,122376000.0,22147000.0,,0.115,-10663000.0,324000.0,324000.0,136224000.0,18885000.0,1.642,3.031,56542000.0,29587000.0,26955000.0,56542000.0,0.0,5369000.0,0.0,,0.0,31409000.0,36778000.0,0.14,36778000.0,31409000.0,30035000.0,0.056,0.055,0.056,33750000.0,,33750000.0,,,,-7551000.0,-0.026,1.0,127171000.0,0.483,0.0,1374000.0,126212000.0,,50277000.0,0.0,0.0,0.0,102285000.0,74529000.0,27756000.0,,-719000.0,0.0,976000.0,10756000.0,-5000000.0,6905000.0,-10663000.0,0.0,3112000.0,-73000.0,18885000.0,16591000.0,16591000.0,0.0,0.0,0.063,95762000.0,31409000.0,29583000.0,0.0,,,,20192000.0,2294000.0,,,,61880000.0,24584000.0,263395000.0,263395000.0,0.0,,,,0.119,494000.0,94478000.0,1.0,373619521.0,294642307,316822457.0,0.894,144523000.0,8185000.0,11150000.0,4693000.0,0.491,47847000.0
64,UAA,MRT,2005-06-30,2005-06-30,2005-06-30,2021-08-05,,,,,,,,,,,,,,,,,,,,,,,0.0,,,,,,,,,,,,,,,,,,1.0,,,,,,,,,,,,,,,,,,,,,,,,,,,,,,,,,,,,,,,,,,,,,,,,,,,,,,1.0,,286980366,,,,,,,,
65,UAA,MRT,2005-03-31,2005-03-31,2005-03-31,2021-08-05,,,,,,,,,,,,,,,,,,,,,,,0.0,,,,,,,,,,,,,,,,,,1.0,,,,,,,,,,,,,,,,,,,,,,,,,,,,,,,,,,,,,,,,,,,,,,,,,,,,,,1.0,,286214978,,,,,,,,
66,UAA,MRT,2004-12-31,2004-12-31,2004-12-31,2021-08-05,-45000.0,110977000.0,82851000.0,96463000.0,14514000.0,2.477,0.075,-8683000.0,1085000.0,1085000.0,109748000.0,16322000.0,1.209,3.911,45133000.0,42345000.0,2788000.0,45133000.0,0.0,3174000.0,0.0,,0.0,24096000.0,27270000.0,0.133,27270000.0,24096000.0,24096000.0,0.051,0.048,0.051,21237000.0,16551000.0,21237000.0,,,,-17534000.0,-0.062,1.0,95433000.0,0.465,0.0,0.0,75252000.0,57383500.0,48055000.0,0.0,0.0,0.0,83048000.0,79773000.0,3275000.0,,418000.0,0.0,78000.0,17909000.0,0.0,18004000.0,-8683000.0,0.0,-8851000.0,-52000.0,16322000.0,14328000.0,14328000.0,0.0,0.0,0.07,71337000.0,24096000.0,20620000.0,0.0,,,,14211000.0,1994000.0,,,,38506000.0,13655000.0,205181000.0,205181000.0,0.0,0.173,0.866,0.42,0.117,0.0,70053000.0,1.0,,282984233,296277821.0,0.725,110977000.0,6447000.0,7774000.0,2571000.0,0.392,16690000.0
67,UAA,MRT,2003-12-31,2003-12-31,2003-12-31,2021-08-05,0.0,54725000.0,,50383000.0,4342000.0,,0.046,-2285000.0,667000.0,667000.0,64757000.0,5748000.0,1.378,3.216,22018000.0,20417000.0,1601000.0,22018000.0,0.0,1171000.0,0.0,,0.0,9953000.0,11124000.0,0.096,11124000.0,9953000.0,7739000.0,0.02,0.019,0.02,11865000.0,,11865000.0,,,,-11987000.0,-0.046,1.0,50662000.0,0.439,0.0,2214000.0,39515000.0,,21849000.0,0.0,0.0,0.0,38162000.0,36561000.0,1601000.0,,-127000.0,0.0,11634000.0,3866000.0,-3640000.0,11860000.0,-2285000.0,0.0,-9702000.0,0.0,5748000.0,5273000.0,5273000.0,0.0,0.0,0.046,40709000.0,9953000.0,10874000.0,0.0,,,,4128000.0,475000.0,,,,24716000.0,4327000.0,115419000.0,115419000.0,0.0,,,,0.086,0.0,40709000.0,1.0,,258669052,275104761.0,0.446,54725000.0,2817000.0,1991000.0,1050000.0,0.212,13822000.0
68,UAA,MRT,2002-12-31,2002-12-31,2002-12-31,2021-08-05,,,,,,,,-291000.0,,,26329000.0,2766000.0,,,,,,,,331000.0,,,0.0,4313000.0,4644000.0,0.094,4644000.0,4313000.0,3419000.0,0.011,0.01,0.011,,,,,,,-7891000.0,-0.031,1.0,23221000.0,0.469,,894000.0,,,,,,,,,,,497000.0,0.0,0.0,11229000.0,-2826000.0,8388000.0,-291000.0,0.0,-7600000.0,0.0,2766000.0,2766000.0,2766000.0,0.0,0.0,0.056,18908000.0,4313000.0,,0.0,,,,,0.0,,,,,,49550000.0,49550000.0,0.0,,,,0.087,0.0,18908000.0,1.0,,251369664,265605888.0,0.197,,,653000.0,,,
