None,ticker,dimension,calendardate,datekey,reportperiod,lastupdated,accoci,assets,assetsavg,assetsc,assetsnc,assetturnover,bvps,capex,cashneq,cashnequsd,cor,consolinc,currentratio,de,debt,debtc,debtnc,debtusd,deferredrev,depamor,deposits,divyield,dps,ebit,ebitda,ebitdamargin,ebitdausd,ebitusd,ebt,eps,epsdil,epsusd,equity,equityavg,equityusd,ev,evebit,evebitda,fcf,fcfps,fxusd,gp,grossmargin,intangibles,intexp,invcap,invcapavg,inventory,investments,investmentsc,investmentsnc,liabilities,liabilitiesc,liabilitiesnc,marketcap,ncf,ncfbus,ncfcommon,ncfdebt,ncfdiv,ncff,ncfi,ncfinv,ncfo,ncfx,netinc,netinccmn,netinccmnusd,netincdis,netincnci,netmargin,opex,opinc,payables,payoutratio,pb,pe,pe1,ppnenet,prefdivis,price,ps,ps1,receivables,retearn,revenue,revenueusd,rnd,roa,roe,roic,ros,sbcomp,sgna,sharefactor,sharesbas,shareswa,shareswadil,sps,tangibles,taxassets,taxexp,taxliabilities,tbvps,workingcapital
0,ILMN,MRY,2020-12-31,2021-01-03,2021-01-03,2021-08-06,2000000.0,7585000000.0,7374500000,4483000000.0,3102000000.0,0.439,31.932,-189000000.0,1810000000.0,1810000000.0,1036000000.0,656000000.0,3.604,0.616,1855000000.0,511000000.0,1344000000.0,1855000000.0,0.0,187000000.0,0.0,0.0,0.0,905000000.0,1092000000.0,0.337,1092000000.0,905000000.0,856000000.0,4.48,4.45,4.48,4694000000.0,4648000000,4694000000.0,54110000000.0,60.0,49.551,891000000.0,6.061,1.0,2203000000.0,0.68,1039000000.0,49000000.0,5347000000.0,5234250000,372000000.0,1662000000.0,1662000000.0,0.0,2891000000.0,1244000000.0,1647000000.0,54020000000.0,-232000000.0,-230000000.0,-675000000.0,0.0,0.0,-766000000.0,-554000000.0,-135000000.0,1080000000.0,8000000.0,656000000.0,656000000.0,656000000.0,0.0,0.0,0.203,1623000000.0,580000000.0,192000000.0,0.0,11.508,82.348,82.589,1454000000.0,0.0,370.0,16.678,16.792,487000000.0,4723000000.0,3239000000.0,3239000000.0,682000000.0,0.089,0.141,0.173,0.279,194000000.0,941000000.0,1.0,146000000.0,147000000.0,148000000.0,22.034,6546000000.0,0.0,200000000.0,0.0,44.531,3239000000.0
1,ILMN,MRY,2019-12-31,2019-12-29,2019-12-29,2021-08-06,5000000.0,7316000000.0,7192000000,4451000000.0,2865000000.0,0.493,31.381,-209000000.0,2042000000.0,2042000000.0,1076000000.0,990000000.0,6.693,0.586,1836000000.0,0.0,1836000000.0,1836000000.0,0.0,188000000.0,0.0,0.0,0.0,1182000000.0,1370000000.0,0.387,1370000000.0,1182000000.0,1130000000.0,6.81,6.74,6.81,4613000000.0,4342250000,4613000000.0,48853630000.0,41.0,35.66,842000000.0,5.728,1.0,2467000000.0,0.696,969000000.0,52000000.0,5476000000.0,5390250000,359000000.0,1372000000.0,1372000000.0,0.0,2703000000.0,665000000.0,2038000000.0,48846630000.0,898000000.0,-32000000.0,-265000000.0,-550000000.0,0.0,-897000000.0,745000000.0,986000000.0,1051000000.0,-1000000.0,1002000000.0,1002000000.0,1002000000.0,0.0,-12000000.0,0.283,1482000000.0,985000000.0,149000000.0,0.0,10.589,48.749,48.794,1444000000.0,0.0,332.29,13.787,13.787,573000000.0,4067000000.0,3543000000.0,3543000000.0,647000000.0,0.139,0.231,0.219,0.334,194000000.0,835000000.0,1.0,147000000.0,147000000.0,149000000.0,24.102,6347000000.0,64000000.0,128000000.0,0.0,43.177,3786000000.0
2,ILMN,MRY,2018-12-31,2018-12-30,2018-12-30,2021-08-06,-1000000.0,6959000000.0,6277750000,4490000000.0,2469000000.0,0.531,25.565,-296000000.0,1144000000.0,1144000000.0,1033000000.0,782000000.0,2.489,0.829,1997000000.0,1107000000.0,890000000.0,1997000000.0,0.0,179000000.0,0.0,0.0,0.0,995000000.0,1174000000.0,0.352,1174000000.0,995000000.0,938000000.0,5.63,5.56,5.63,3758000000.0,3381500000,3758000000.0,44460810000.0,45.0,37.871,846000000.0,5.755,1.0,2300000000.0,0.69,1016000000.0,57000000.0,4992000000.0,4100500000,386000000.0,2368000000.0,2368000000.0,0.0,3114000000.0,1804000000.0,1310000000.0,43839810000.0,-81000000.0,-100000000.0,-155000000.0,731000000.0,0.0,594000000.0,-1813000000.0,-1417000000.0,1142000000.0,-4000000.0,826000000.0,826000000.0,826000000.0,0.0,-44000000.0,0.248,1417000000.0,883000000.0,184000000.0,0.0,11.666,53.075,52.972,1075000000.0,0.0,298.23,13.153,13.153,514000000.0,3083000000.0,3333000000.0,3333000000.0,623000000.0,0.132,0.244,0.243,0.299,193000000.0,794000000.0,1.0,147000000.0,147000000.0,149000000.0,22.673,5943000000.0,70000000.0,112000000.0,0.0,40.429,2686000000.0
3,ILMN,MRY,2017-12-31,2017-12-31,2017-12-31,2021-08-06,-1000000.0,5257000000.0,4939750000,2980000000.0,2277000000.0,0.557,18.829,-312000000.0,1225000000.0,1225000000.0,926000000.0,678000000.0,3.995,0.912,1192000000.0,10000000.0,1182000000.0,1192000000.0,0.0,156000000.0,0.0,0.0,0.0,1128000000.0,1284000000.0,0.467,1284000000.0,1128000000.0,1091000000.0,4.96,4.92,4.96,2749000000.0,2717500000,2749000000.0,31727540000.0,28.0,24.71,563000000.0,3.856,1.0,1826000000.0,0.664,946000000.0,37000000.0,3532000000.0,3230750000,333000000.0,920000000.0,920000000.0,0.0,2508000000.0,746000000.0,1762000000.0,31899540000.0,490000000.0,226000000.0,-180000000.0,-4000000.0,0.0,-176000000.0,-214000000.0,-128000000.0,875000000.0,5000000.0,726000000.0,725000000.0,725000000.0,0.0,-48000000.0,0.263,1220000000.0,606000000.0,160000000.0,0.0,11.604,43.999,44.05,931000000.0,1000000.0,218.49,11.591,11.591,411000000.0,2256000000.0,2752000000.0,2752000000.0,546000000.0,0.147,0.267,0.349,0.41,164000000.0,674000000.0,1.0,146000000.0,146000000.0,148000000.0,18.849,4311000000.0,88000000.0,365000000.0,0.0,29.527,2234000000.0
4,ILMN,MRY,2016-12-31,2017-01-01,2017-01-01,2021-08-06,-1000000.0,4281000000.0,4071905750,2318000000.0,1963000000.0,0.589,14.946,-271000000.0,735000000.0,735000000.0,732000000.0,428000000.0,3.288,0.915,1058000000.0,2000000.0,1056000000.0,1058000000.0,0.0,141000000.0,0.0,0.0,0.0,629000000.0,770000000.0,0.321,770000000.0,629000000.0,596000000.0,3.09,3.07,3.09,2197000000.0,2121006750,2197000000.0,19056394000.0,30.0,24.749,508000000.0,3.456,1.0,1666000000.0,0.695,1019000000.0,33000000.0,2880000000.0,2667170500,300000000.0,824000000.0,824000000.0,0.0,2011000000.0,705000000.0,1306000000.0,18809076000.0,-34000000.0,-18000000.0,-202000000.0,-61000000.0,0.0,-296000000.0,-515000000.0,-226000000.0,779000000.0,-2000000.0,463000000.0,454000000.0,454000000.0,0.0,-35000000.0,0.189,1079000000.0,587000000.0,138000000.0,0.0,8.561,41.43,41.437,713000000.0,9000000.0,128.04,7.844,7.849,381000000.0,1485000000.0,2398000000.0,2398000000.0,504000000.0,0.111,0.214,0.236,0.262,129000000.0,584000000.0,1.0,146900000.0,147000000.0,148000000.0,16.313,3262000000.0,123000000.0,133000000.0,0.0,22.19,1613000000.0
5,ILMN,MRY,2015-12-31,2016-01-03,2016-01-03,2021-08-06,36000.0,3687747000.0,3655878250,2096823000.0,1590924000.0,0.607,12.749,-143000000.0,768770000.0,768770000.0,671000000.0,458000000.0,3.435,0.995,1090578000.0,74929000.0,1015649000.0,1090578000.0,0.0,127000000.0,0.0,0.0,0.0,630000000.0,757000000.0,0.341,757000000.0,630000000.0,587000000.0,3.19,3.1,3.19,1848553000.0,1800589500,1848553000.0,28659320000.0,45.0,37.859,643000000.0,4.434,1.0,1549000000.0,0.698,1026250000.0,43000000.0,2372811000.0,2561388500,270777000.0,617450000.0,617450000.0,0.0,1839194000.0,610494000.0,1228700000.0,28100748000.0,133000000.0,-37000000.0,-202000000.0,-245000000.0,0.0,-545000000.0,-107000000.0,73000000.0,786000000.0,-1000000.0,462000000.0,462000000.0,462000000.0,0.0,-4000000.0,0.208,936000000.0,613000000.0,139226000.0,0.0,15.201,60.824,60.171,342694000.0,0.0,191.945,12.658,12.537,385529000.0,1022765000.0,2220000000.0,2220000000.0,401000000.0,0.126,0.257,0.246,0.284,133000000.0,516000000.0,1.0,146400000.0,145000000.0,149000000.0,15.31,2661497000.0,134515000.0,125000000.0,0.0,18.355,1486329000.0
6,ILMN,MRY,2014-12-31,2014-12-28,2014-12-28,2021-08-06,-1080000.0,3339640000.0,3176617750,1889603000.0,1450037000.0,0.586,10.791,-142216000.0,636154000.0,636154000.0,563648000.0,353351000.0,2.617,1.283,1291036000.0,304256000.0,986780000.0,1291036000.0,0.0,112574000.0,0.0,0.0,0.0,490486000.0,603060000.0,0.324,603060000.0,490486000.0,448758000.0,2.61,2.37,2.61,1462798000.0,1347790000,1462798000.0,27175460000.0,55.0,45.063,359055000.0,2.649,1.0,1297710000.0,0.697,1039404000.0,41728000.0,2232960000.0,1807434000,191144000.0,702217000.0,702217000.0,0.0,1876842000.0,722158000.0,1154684000.0,26724400000.0,-75483000.0,-3285000.0,-140855000.0,-142334000.0,0.0,-166748000.0,-406624000.0,-261123000.0,501271000.0,-3382000.0,353351000.0,353351000.0,353351000.0,0.0,0.0,0.19,782999000.0,514711000.0,82626000.0,0.0,18.269,75.631,72.107,265264000.0,0.0,188.2,14.357,13.706,289458000.0,561206000.0,1861358000.0,1861358000.0,388055000.0,0.111,0.262,0.271,0.264,26072000.0,466283000.0,1.0,142000000.0,135553000.0,148977000.0,13.732,2300236000.0,90634000.0,95407000.0,0.0,16.969,1167445000.0
7,ILMN,MRY,2013-12-31,2013-12-29,2013-12-29,2021-08-06,1234000.0,3019006000.0,2851023000,1617535000.0,1401471000.0,0.498,12.258,-90559000.0,711637000.0,711637000.0,509291000.0,125308000.0,5.022,0.969,868593000.0,29288000.0,839305000.0,868593000.0,0.0,97925000.0,0.0,0.0,0.0,199004000.0,296929000.0,0.209,296929000.0,199004000.0,159314000.0,1.0,0.9,1.0,1533202000.0,1402021250,1533202000.0,14119259999.0,71.0,47.551,295862000.0,2.365,1.0,911887000.0,0.642,1054234000.0,39690000.0,1799665000.0,1700847750,154099000.0,453966000.0,453966000.0,0.0,1485804000.0,322063000.0,1163741000.0,13951595999.0,277656000.0,-523501000.0,44440000.0,-10852000.0,0.0,-38719000.0,-69649000.0,544411000.0,386421000.0,-397000.0,125308000.0,125308000.0,125308000.0,0.0,0.0,0.088,777780000.0,134107000.0,73655000.0,0.0,9.1,111.338,110.38,202666000.0,0.0,110.38,9.817,9.714,238946000.0,207855000.0,1421178000.0,1421178000.0,276743000.0,0.044,0.089,0.117,0.14,49148000.0,381040000.0,1.0,126396050.0,125076000.0,139936000.0,11.363,1964772000.0,124556000.0,34006000.0,0.0,15.709,1295472000.0
8,ILMN,MRY,2012-12-31,2012-12-30,2012-12-30,2021-08-06,2123000.0,2566085000.0,2413570000,1787048000.0,779037000.0,0.476,10.72,-81009000.0,433981000.0,433981000.0,374988000.0,151254000.0,5.867,0.946,842373000.0,36967000.0,805406000.0,842373000.0,0.0,65319000.0,0.0,0.0,0.0,260387000.0,325706000.0,0.284,325706000.0,260387000.0,222608000.0,1.23,1.13,1.23,1318581000.0,1220437500,1318581000.0,7245646609.0,28.0,22.246,210864000.0,1.714,1.0,773528000.0,0.674,499523000.0,37779000.0,2170383000.0,2144271000,158718000.0,916223000.0,916223000.0,0.0,1247504000.0,304571000.0,942933000.0,6755266609.0,131003000.0,-83156000.0,-28164000.0,0.0,0.0,-10755000.0,-150012000.0,14153000.0,291873000.0,-103000.0,151254000.0,151254000.0,151254000.0,0.0,0.0,0.132,572776000.0,200752000.0,65727000.0,0.0,5.123,44.662,44.512,166167000.0,0.0,54.75,5.882,5.863,214975000.0,82547000.0,1148516000.0,1148516000.0,231025000.0,0.063,0.124,0.121,0.227,73541000.0,285991000.0,1.0,123383865.0,122999000.0,133693000.0,9.338,2066562000.0,70634000.0,71354000.0,0.0,16.801,1482477000.0
9,ILMN,MRY,2011-12-31,2012-01-01,2012-01-01,2021-08-06,2117000.0,2195840000.0,2180758500,1544619000.0,651221000.0,0.484,8.713,-79550000.0,302978000.0,302978000.0,346437000.0,86628000.0,6.807,1.042,807369000.0,0.0,807369000.0,807369000.0,0.0,69192000.0,0.0,0.0,0.0,167835000.0,237027000.0,0.225,237027000.0,167835000.0,133045000.0,0.7,0.62,0.7,1075215000.0,1085821250,1075215000.0,4270493437.0,25.0,18.017,278590000.0,2.258,1.0,709098000.0,0.672,428328000.0,34790000.0,2044982000.0,1949745000,128781000.0,886590000.0,886590000.0,0.0,1120625000.0,226921000.0,893704000.0,3701469437.0,54031000.0,-58302000.0,-508468000.0,553618000.0,0.0,97016000.0,-400999000.0,-263147000.0,358140000.0,-126000.0,86628000.0,86628000.0,86628000.0,0.0,0.0,0.082,509637000.0,199461000.0,49806000.0,0.0,3.443,42.728,43.543,143483000.0,0.0,30.48,3.507,3.563,173886000.0,-68707000.0,1055535000.0,1055535000.0,196913000.0,0.04,0.08,0.086,0.159,45738000.0,261843000.0,1.0,121439286.0,123399000.0,138937000.0,8.554,1767512000.0,42863000.0,46417000.0,0.0,14.324,1317698000.0
10,ILMN,MRY,2010-12-31,2011-01-02,2011-01-02,2021-08-06,1765000.0,1839113000.0,1677857500,1258398000.0,580715000.0,0.538,9.691,-56468000.0,248947000.0,248947000.0,301201000.0,124891000.0,2.354,0.536,311609000.0,311609000.0,0.0,311609000.0,0.0,42009000.0,0.0,0.0,0.0,209977000.0,251986000.0,0.279,251986000.0,209977000.0,185379000.0,1.01,0.87,1.01,1197675000.0,1071138250,1197675000.0,8015624376.0,38.0,31.81,216105000.0,1.749,1.0,601540000.0,0.666,369668000.0,24598000.0,997590000.0,933686500,142211000.0,645342000.0,645342000.0,0.0,641438000.0,534517000.0,106921000.0,7920285376.0,104314000.0,-98211000.0,74029000.0,0.0,0.0,116474000.0,-285053000.0,-130374000.0,272573000.0,320000.0,124891000.0,124891000.0,124891000.0,0.0,0.0,0.138,389886000.0,211654000.0,66744000.0,0.0,6.613,63.418,62.713,129874000.0,0.0,63.34,8.774,8.671,165598000.0,-155335000.0,902741000.0,902741000.0,177947000.0,0.074,0.117,0.225,0.233,29200000.0,220454000.0,1.0,125043975.0,123581000.0,143433000.0,7.305,1469445000.0,58875000.0,60488000.0,0.0,11.891,723881000.0
11,ILMN,MRY,2009-12-31,2010-01-03,2010-01-03,2021-08-06,2830000.0,1429937000.0,1455347750,981590000.0,448347000.0,0.458,7.018,-56073000.0,144633000.0,144633000.0,212449000.0,72281000.0,2.225,0.655,290202000.0,290202000.0,0.0,290202000.0,0.0,31184000.0,0.0,0.0,0.0,137843000.0,169027000.0,0.254,169027000.0,137843000.0,114125000.0,0.59,0.53,0.59,864248000.0,915310750,864248000.0,3884019925.0,28.0,22.979,116118000.0,0.943,1.0,453875000.0,0.681,257240000.0,23718000.0,877030000.0,786125500,92776000.0,548894000.0,548894000.0,0.0,565689000.0,441236000.0,124453000.0,3837839925.0,-182391000.0,-1325000.0,-128181000.0,-10000000.0,0.0,-98862000.0,-256569000.0,-199171000.0,172191000.0,849000.0,72281000.0,72281000.0,72281000.0,0.0,0.0,0.108,328278000.0,125597000.0,52781000.0,0.0,4.441,53.096,52.0,117188000.0,0.0,30.68,5.76,5.67,157751000.0,-280226000.0,666324000.0,666324000.0,140616000.0,0.05,0.079,0.175,0.207,21492000.0,176337000.0,1.0,125092566.0,123154000.0,137096000.0,5.41,1172697000.0,67392000.0,41844000.0,0.0,9.522,540354000.0
12,ILMN,MRY,2008-12-31,2008-12-28,2008-12-28,2021-08-06,2422000.0,1327171000.0,1154232500,869561000.0,457610000.0,0.497,6.835,-95693000.0,327024000.0,327024000.0,220131000.0,39416000.0,2.25,0.662,276889000.0,276889000.0,0.0,276889000.0,0.0,27723000.0,0.0,0.0,0.0,94897000.0,122620000.0,0.214,122620000.0,94897000.0,72687000.0,0.34,0.3,0.34,798667000.0,648625250,798667000.0,3183372125.0,34.0,25.961,-7811000.0,-0.067,1.0,353094000.0,0.616,261207000.0,22210000.0,629381000.0,555202750,73431000.0,368951000.0,313051000.0,55900000.0,528504000.0,386448000.0,142056000.0,3138004125.0,152083000.0,-24666000.0,319186000.0,-15000.0,0.0,337672000.0,-277249000.0,-156890000.0,87882000.0,3778000.0,39416000.0,39416000.0,39416000.0,0.0,0.0,0.069,272637000.0,80457000.0,29204000.0,0.0,3.929,79.612,74.588,89436000.0,0.0,25.36,5.474,5.17,133266000.0,-352507000.0,573225000.0,573225000.0,99963000.0,0.034,0.061,0.171,0.166,29187000.0,148014000.0,1.0,123738333.0,116855000.0,133607000.0,4.905,1065964000.0,54877000.0,33271000.0,0.0,9.122,483113000.0
13,ILMN,MRY,2007-12-31,2007-12-30,2007-12-30,2021-08-06,1347000.0,987732000.0,828588000,562755000.0,424977000.0,0.443,3.801,-24386000.0,174941000.0,174941000.0,132436000.0,-287305000.0,3.396,1.399,400016000.0,16000.0,400000000.0,400016000.0,0.0,13893000.0,0.0,0.0,0.0,-285223000.0,-271330000.0,-0.74,-271330000.0,-285223000.0,-303520000.0,-2.65,-2.65,-2.65,411678000.0,321432750,411678000.0,3622864135.0,-13.0,-13.352,31908000.0,0.295,1.0,234363000.0,0.639,286850000.0,18297000.0,760242000.0,744864500,53980000.0,211141000.0,211141000.0,0.0,576054000.0,165715000.0,410339000.0,3286946135.0,136555000.0,72075000.0,-122928000.0,390174000.0,0.0,148292000.0,-67686000.0,-115375000.0,56294000.0,-345000.0,-287305000.0,-287305000.0,-287305000.0,0.0,0.0,-0.783,535564000.0,-301201000.0,114847000.0,0.0,7.984,-11.441,-11.338,46274000.0,0.0,30.045,8.961,8.872,83119000.0,-382977000.0,366799000.0,366799000.0,73943000.0,-0.347,-0.894,-0.383,-0.778,13660000.0,101256000.0,1.0,109400770.0,108308000.0,108308000.0,3.387,700882000.0,107179000.0,-16215000.0,0.0,6.471,397040000.0
14,ILMN,MRY,2006-12-31,2006-12-31,2006-12-31,2021-08-06,11294000.0,300584000.0,225134500,193726000.0,106858000.0,0.82,2.779,-15214000.0,38386000.0,38386000.0,59344000.0,39968000.0,5.736,0.215,63000.0,63000.0,0.0,63000.0,0.0,6032000.0,0.0,0.0,0.0,43180000.0,49212000.0,0.267,49212000.0,43180000.0,42620000.0,0.45,0.41,0.45,247342000.0,180951500,247342000.0,1784151898.0,41.0,36.254,23786000.0,0.267,1.0,125242000.0,0.679,2233000.0,560000.0,226252000.0,115070000,20169000.0,160202000.0,92418000.0,67784000.0,53242000.0,33776000.0,19466000.0,1828223898.0,-12436000.0,-50000000.0,107966000.0,-109000.0,0.0,109296000.0,-160735000.0,-95521000.0,39000000.0,3000.0,39968000.0,39968000.0,39968000.0,0.0,0.0,0.217,87430000.0,37812000.0,9853000.0,0.0,7.391,45.742,43.678,25634000.0,0.0,19.655,9.904,9.477,39984000.0,-104618000.0,184586000.0,184586000.0,33373000.0,0.178,0.221,0.375,0.234,12865000.0,54057000.0,1.0,93015716.0,89002000.0,97508000.0,2.074,298351000.0,553000.0,2652000.0,6987000.0,3.352,159950000.0
15,ILMN,MRY,2005-12-31,2006-01-01,2006-01-01,2021-08-06,258000.0,100610000.0,95668750,79710000.0,20900000.0,0.768,0.903,-11395000.0,50822000.0,50822000.0,23181000.0,-20874000.0,3.67,0.388,172000.0,118000.0,54000.0,172000.0,0.0,3824000.0,0.0,0.0,0.0,-20043000.0,-16219000.0,-0.221,-16219000.0,-20043000.0,-20711000.0,-0.26,-0.26,-0.26,72497000.0,71578000,72497000.0,530042126.0,-26.0,-32.68,-20403000.0,-0.254,1.0,50320000.0,0.685,4769000.0,668000.0,23473000.0,21202000,10309000.0,0.0,0.0,0.0,28113000.0,21718000.0,6395000.0,580214126.0,-3967000.0,-2388000.0,6046000.0,-83000.0,0.0,5963000.0,-1535000.0,12248000.0,-9008000.0,613000.0,-20874000.0,-20874000.0,-20874000.0,0.0,0.0,-0.284,71767000.0,-21447000.0,7390000.0,0.0,8.003,-27.796,-27.115,16131000.0,0.0,7.05,7.894,7.702,17620000.0,-144586000.0,73501000.0,73501000.0,27809000.0,-0.218,-0.292,-0.945,-0.273,270000.0,28158000.0,1.0,82299876.0,80294000.0,80294000.0,0.915,95841000.0,0.0,163000.0,0.0,1.194,57992000.0
16,ILMN,MRY,2004-12-31,2005-01-02,2005-01-02,2021-08-06,96000.0,94907000.0,102625750,83691000.0,11216000.0,0.493,1.008,37312000.0,66994000.0,66994000.0,13259000.0,-6225000.0,4.394,0.313,0.0,0.0,0.0,0.0,0.0,3956000.0,0.0,0.0,0.0,-4572000.0,-616000.0,-0.012,-616000.0,-4572000.0,-6090000.0,-0.085,-0.085,-0.085,72262000.0,63852500,72262000.0,294462614.0,-64.0,-478.024,17738000.0,0.247,1.0,37324000.0,0.738,2642000.0,1518000.0,6223000.0,44058500,3807000.0,0.0,0.0,0.0,22645000.0,19048000.0,3597000.0,360968614.0,42324000.0,0.0,30494000.0,-25619000.0,0.0,4875000.0,57022000.0,19745000.0,-19574000.0,1000.0,-6225000.0,-6225000.0,-6225000.0,0.0,0.0,-0.123,42837000.0,-5513000.0,2684000.0,0.0,4.995,-57.987,-55.765,8574000.0,0.0,4.74,7.136,6.718,11891000.0,-123712000.0,50583000.0,50583000.0,21462000.0,-0.061,-0.097,-0.104,-0.09,844000.0,25576000.0,1.0,76153716.0,71690000.0,71690000.0,0.706,92265000.0,0.0,135000.0,0.0,1.287,64643000.0
17,ILMN,MRY,2003-12-31,2003-12-28,2003-12-28,2021-08-06,335000.0,99234000.0,106816500,40418000.0,58816000.0,0.262,0.742,-2032000.0,12565000.0,12565000.0,10037000.0,-27063000.0,4.936,1.094,25618000.0,619000.0,24999000.0,25618000.0,0.0,4545000.0,0.0,0.0,0.0,-24801000.0,-20256000.0,-0.723,-20256000.0,-24801000.0,-27063000.0,-0.425,-0.425,-0.425,47388000.0,54558750,47388000.0,233719362.0,-9.0,-11.538,-20288000.0,-0.318,1.0,17998000.0,0.642,848000.0,2262000.0,103250000.0,99112000,2022000.0,32508000.0,20317000.0,12191000.0,51846000.0,8189000.0,43657000.0,230279362.0,10428000.0,0.0,895000.0,-679000.0,0.0,216000.0,28468000.0,30516000.0,-18256000.0,0.0,-27063000.0,-27063000.0,-27063000.0,0.0,0.0,-0.965,44620000.0,-26622000.0,2030000.0,0.0,4.859,-8.509,-8.247,45777000.0,0.0,3.505,8.214,7.983,4549000.0,-117487000.0,28035000.0,28035000.0,22511000.0,-0.253,-0.496,-0.25,-0.885,2454000.0,18899000.0,1.0,65700246.0,63850000.0,63850000.0,0.439,98386000.0,0.0,0.0,0.0,1.541,32229000.0
18,ILMN,MRY,2002-12-31,2002-12-29,2002-12-29,2021-08-06,977000.0,121906000.0,131134250,72819000.0,49087000.0,0.077,1.161,-26830000.0,14567000.0,14567000.0,3536000.0,-40331000.0,5.093,0.699,26297000.0,677000.0,25620000.0,26297000.0,0.0,4531000.0,0.0,0.0,0.0,-38050000.0,-33519000.0,-3.339,-33519000.0,-38050000.0,-40331000.0,-0.655,-0.655,-0.655,71744000.0,83564750,71744000.0,126587507.0,-3.0,-3.777,-52423000.0,-0.849,1.0,6504000.0,0.648,808000.0,2281000.0,118531000.0,138556500,2299000.0,51727000.0,51727000.0,0.0,50162000.0,14297000.0,35865000.0,101661507.0,-2128000.0,0.0,696000.0,25410000.0,0.0,26106000.0,-2641000.0,24983000.0,-25593000.0,0.0,-40331000.0,-40331000.0,-40331000.0,0.0,0.0,-4.017,48359000.0,-41855000.0,1770000.0,0.0,1.417,-2.521,-2.389,48279000.0,0.0,1.565,10.126,9.627,3253000.0,-90424000.0,10040000.0,10040000.0,26848000.0,-0.308,-0.483,-0.275,-3.79,4360000.0,9099000.0,1.0,64980190.0,61780000.0,61780000.0,0.163,121098000.0,0.0,0.0,0.0,1.96,58522000.0
19,ILMN,MRY,2001-12-31,2001-12-30,2001-12-30,2021-08-06,749000.0,122465000.0,127713750,96260000.0,26205000.0,0.019,1.795,-14972000.0,7457000.0,7457000.0,557000.0,-24823000.0,20.021,0.147,887000.0,297000.0,590000.0,887000.0,10048000.0,1474000.0,0.0,0.0,0.0,-24121000.0,-22647000.0,-9.11,-22647000.0,-24121000.0,-24823000.0,-0.415,-0.415,-0.415,106791000.0,114687498,106791000.0,365481685.0,-15.0,-16.138,-25897000.0,-0.435,1.0,1929000.0,0.776,0.0,702000.0,111087000.0,90606670,971000.0,86329000.0,86329000.0,0.0,15674000.0,4808000.0,10866000.0,368270028.0,-111937000.0,0.0,915000.0,-261000.0,0.0,654000.0,-101666000.0,-86694000.0,-10925000.0,0.0,-24823000.0,-24823000.0,-24823000.0,0.0,0.0,-9.985,32248000.0,-30319000.0,1975000.0,0.0,3.449,-14.836,-13.771,25972000.0,0.0,5.715,148.138,136.774,1266000.0,-50093000.0,2486000.0,2486000.0,20735000.0,-0.194,-0.216,-0.266,-9.703,5850000.0,5663000.0,1.0,64439200.0,59496000.0,59496000.0,0.042,122465000.0,0.0,0.0,0.0,2.058,91452000.0
20,ILMN,MRY,2000-12-31,2000-12-31,2000-12-31,2021-08-06,0.0,132793000.0,83970601,129067000.0,3726000.0,0.016,4.577,-3428000.0,117718000.0,117718000.0,0.0,-18606000.0,45.997,0.07,1148000.0,261000.0,887000.0,1148000.0,5000000.0,468000.0,0.0,0.0,0.0,-18513000.0,-18045000.0,-13.785,-18045000.0,-18513000.0,-18606000.0,-0.685,-0.685,-0.685,124100000.0,77313148,124100000.0,392571887.0,-21.0,-21.755,-17740000.0,-0.654,1.0,1309000.0,1.0,38000.0,93000.0,13379000.0,14335678,71000.0,7341000.0,7341000.0,0.0,8693000.0,2806000.0,5887000.0,512947085.0,94938000.0,0.0,102145000.0,1146000.0,0.0,103291000.0,5959000.0,9387000.0,-14312000.0,0.0,-18606000.0,-18606000.0,-18606000.0,0.0,0.0,-14.214,24544000.0,-23235000.0,727000.0,0.0,4.133,-27.569,-11.723,3289000.0,0.0,8.03,391.862,166.33,932000.0,-25270000.0,1309000.0,1309000.0,13554000.0,-0.222,-0.241,-1.291,-14.143,6797000.0,4193000.0,1.0,63878840.0,27114000.0,27114000.0,0.048,132755000.0,0.0,0.0,0.0,4.896,126261000.0
21,ILMN,MRY,1999-12-31,1999-12-31,1999-12-31,2021-08-06,-10689.0,33894658.0,21226036,33493045.0,401613.0,0.022,11.359,-295000.0,21164114.0,21164114.0,0.0,-5518000.0,54.691,0.058,-3000.0,1500.0,-4500.0,-3000.0,1250000.0,43000.0,0.0,,0.0,-5518000.0,-5475000.0,-11.551,-5475000.0,-5518000.0,-5518000.0,-1.955,-1.955,-1.955,32032250.0,20206248,32032250.0,,,,-3202000.0,-1.135,1.0,474000.0,1.0,75733.0,0.0,12039403.0,6036910,0.0,11924163.0,11924163.0,0.0,1862408.0,612408.0,1250000.0,,12930000.0,0.0,121000.0,0.0,0.0,28121000.0,-12284000.0,-11989000.0,-2907000.0,0.0,-5518000.0,-5518000.0,-5518000.0,0.0,0.0,-11.641,6392000.0,-5918000.0,318219.0,0.0,,,,291314.0,0.0,,,,0.0,-6663265.0,474000.0,474000.0,4085000.0,-0.26,-0.273,-0.914,-11.641,958000.0,1349000.0,1.0,,2820000.0,2820000.0,0.168,33818925.0,0.0,0.0,0.0,11.993,32880637.0
0,ILMN,MRQ,2021-06-30,2021-07-04,2021-07-04,2021-08-06,8000000.0,8675000000.0,,5310000000.0,3365000000.0,,35.479,-44000000.0,4196000000.0,4196000000.0,324000000.0,185000000.0,6.076,0.675,2383000000.0,0.0,2383000000.0,2383000000.0,0.0,49000000.0,0.0,0.0,0.0,223000000.0,272000000.0,0.242,272000000.0,223000000.0,207000000.0,1.27,1.26,1.27,5180000000.0,,5180000000.0,67701580000.0,71.0,59.076,209000000.0,1.432,1.0,802000000.0,0.712,1128000000.0,16000000.0,4860000000.0,,380000000.0,90000000.0,90000000.0,0.0,3495000000.0,874000000.0,2621000000.0,69310580000.0,-237000000.0,-80000000.0,0.0,-490000000.0,0.0,-496000000.0,3000000.0,-9000000.0,253000000.0,3000000.0,185000000.0,185000000.0,185000000.0,0.0,0.0,0.164,615000000.0,187000000.0,200000000.0,0.0,13.38,90.248,90.253,1481000000.0,0.0,474.73,17.476,17.476,540000000.0,5055000000.0,1126000000.0,1126000000.0,202000000.0,,,,,80000000.0,413000000.0,1.0,146000000.0,146000000.0,147000000.0,7.712,7547000000.0,0.0,22000000.0,0.0,51.692,4436000000.0
1,ILMN,MRQ,2021-03-31,2021-04-04,2021-04-04,2021-08-06,8000000.0,8755000000.0,,5642000000.0,3113000000.0,,33.712,-42000000.0,4433000000.0,4433000000.0,329000000.0,147000000.0,4.45,0.779,2824000000.0,488000000.0,2336000000.0,2824000000.0,0.0,48000000.0,0.0,0.0,0.0,188000000.0,236000000.0,0.216,236000000.0,188000000.0,169000000.0,1.01,1.0,1.01,4922000000.0,,4922000000.0,56222336000.0,62.0,51.298,240000000.0,1.644,1.0,764000000.0,0.699,1031000000.0,19000000.0,4847000000.0,,364000000.0,197000000.0,197000000.0,0.0,3833000000.0,1268000000.0,2565000000.0,56177336000.0,2623000000.0,52000000.0,31000000.0,961000000.0,0.0,968000000.0,1376000000.0,1282000000.0,282000000.0,-3000000.0,147000000.0,147000000.0,147000000.0,0.0,0.0,0.134,571000000.0,193000000.0,178000000.0,0.0,11.414,89.17,89.336,1444000000.0,0.0,385.04,16.175,16.187,517000000.0,4870000000.0,1093000000.0,1093000000.0,197000000.0,,,,,67000000.0,374000000.0,1.0,145900000.0,146000000.0,147000000.0,7.486,7724000000.0,0.0,22000000.0,0.0,52.904,4374000000.0
2,ILMN,MRQ,2020-12-31,2021-01-03,2021-01-03,2021-08-06,2000000.0,7585000000.0,,4483000000.0,3102000000.0,,31.932,-62000000.0,1810000000.0,1810000000.0,323000000.0,257000000.0,3.604,0.616,1855000000.0,511000000.0,1344000000.0,1855000000.0,0.0,50000000.0,0.0,0.0,0.0,315000000.0,365000000.0,0.383,365000000.0,315000000.0,299000000.0,1.76,1.75,1.76,4694000000.0,,4694000000.0,54110000000.0,60.0,49.551,344000000.0,2.34,1.0,630000000.0,0.661,1039000000.0,16000000.0,5347000000.0,,372000000.0,1662000000.0,1662000000.0,0.0,2891000000.0,1244000000.0,1647000000.0,54020000000.0,49000000.0,0.0,-281000000.0,0.0,0.0,-331000000.0,-34000000.0,28000000.0,406000000.0,8000000.0,257000000.0,257000000.0,257000000.0,0.0,0.0,0.27,497000000.0,133000000.0,192000000.0,0.0,11.508,82.348,82.589,1454000000.0,0.0,370.0,16.678,16.792,487000000.0,4723000000.0,953000000.0,953000000.0,199000000.0,,,,,78000000.0,298000000.0,1.0,146000000.0,147000000.0,148000000.0,6.483,6546000000.0,0.0,42000000.0,0.0,44.531,3239000000.0
3,ILMN,MRQ,2020-09-30,2020-09-27,2020-09-27,2021-08-06,12000000.0,7404000000.0,,4329000000.0,3075000000.0,,32.192,-48000000.0,1761000000.0,1761000000.0,268000000.0,179000000.0,3.883,0.575,1851000000.0,507000000.0,1344000000.0,1851000000.0,0.0,47000000.0,0.0,0.0,0.0,226000000.0,273000000.0,0.344,273000000.0,226000000.0,215000000.0,1.22,1.21,1.22,4700000000.0,,4700000000.0,43856940000.0,50.0,41.65,105000000.0,0.719,1.0,526000000.0,0.662,1046000000.0,11000000.0,5333000000.0,,415000000.0,1563000000.0,1563000000.0,0.0,2704000000.0,1115000000.0,1589000000.0,43783940000.0,-9000000.0,-3000000.0,-98000000.0,0.0,0.0,-101000000.0,-65000000.0,-14000000.0,153000000.0,4000000.0,179000000.0,179000000.0,179000000.0,0.0,0.0,0.225,364000000.0,162000000.0,156000000.0,0.0,9.316,68.627,69.099,1455000000.0,0.0,299.89,13.522,13.522,464000000.0,4466000000.0,794000000.0,794000000.0,172000000.0,,,,,61000000.0,192000000.0,1.0,146000000.0,146000000.0,148000000.0,5.438,6358000000.0,19000000.0,36000000.0,0.0,43.548,3214000000.0
4,ILMN,MRQ,2020-06-30,2020-06-28,2020-06-28,2021-08-06,14000000.0,7248000000.0,,4194000000.0,3054000000.0,,31.041,-39000000.0,1770000000.0,1770000000.0,205000000.0,47000000.0,3.761,0.588,1843000000.0,503000000.0,1340000000.0,1843000000.0,0.0,46000000.0,0.0,0.0,0.0,176000000.0,222000000.0,0.351,222000000.0,176000000.0,165000000.0,0.32,0.32,0.32,4563000000.0,,4563000000.0,52787760000.0,57.0,47.642,201000000.0,1.367,1.0,428000000.0,0.676,1050000000.0,11000000.0,5156000000.0,,435000000.0,1498000000.0,1498000000.0,0.0,2685000000.0,1115000000.0,1570000000.0,52931760000.0,-221000000.0,-95000000.0,-140000000.0,0.0,0.0,-143000000.0,-320000000.0,-186000000.0,240000000.0,2000000.0,47000000.0,47000000.0,47000000.0,0.0,0.0,0.074,332000000.0,96000000.0,135000000.0,0.0,11.6,76.381,76.45,1439000000.0,0.0,360.08,15.796,15.796,385000000.0,4287000000.0,633000000.0,633000000.0,155000000.0,,,,,16000000.0,177000000.0,1.0,147000000.0,147000000.0,148000000.0,4.306,6198000000.0,13000000.0,118000000.0,0.0,42.163,3079000000.0
5,ILMN,MRQ,2020-03-31,2020-03-29,2020-03-29,2021-08-06,6000000.0,7261000000.0,,4324000000.0,2937000000.0,,31.531,-40000000.0,1991000000.0,1991000000.0,240000000.0,173000000.0,4.102,0.567,1847000000.0,499000000.0,1348000000.0,1847000000.0,0.0,44000000.0,0.0,0.0,0.0,189000000.0,233000000.0,0.271,233000000.0,189000000.0,178000000.0,1.18,1.17,1.18,4635000000.0,,4635000000.0,39344350000.0,35.0,30.288,241000000.0,1.639,1.0,619000000.0,0.721,962000000.0,11000000.0,5101000000.0,,384000000.0,1341000000.0,1341000000.0,0.0,2626000000.0,1054000000.0,1572000000.0,39550350000.0,-51000000.0,-132000000.0,-156000000.0,0.0,0.0,-191000000.0,-135000000.0,37000000.0,281000000.0,-6000000.0,173000000.0,173000000.0,173000000.0,0.0,0.0,0.201,430000000.0,189000000.0,130000000.0,0.0,8.533,41.986,42.039,1449000000.0,0.0,269.05,11.122,11.122,472000000.0,4240000000.0,859000000.0,859000000.0,156000000.0,,,,,39000000.0,274000000.0,1.0,147000000.0,147000000.0,148000000.0,5.844,6299000000.0,91000000.0,5000000.0,0.0,42.85,3270000000.0
6,ILMN,MRQ,2019-12-31,2019-12-29,2019-12-29,2021-08-06,5000000.0,7316000000.0,,4451000000.0,2865000000.0,,31.381,-57000000.0,2042000000.0,2042000000.0,290000000.0,239000000.0,6.693,0.586,1836000000.0,0.0,1836000000.0,1836000000.0,0.0,45000000.0,0.0,0.0,0.0,280000000.0,325000000.0,0.341,325000000.0,280000000.0,269000000.0,1.62,1.61,1.62,4613000000.0,,4613000000.0,48853630000.0,41.0,35.66,386000000.0,2.626,1.0,662000000.0,0.695,969000000.0,11000000.0,5476000000.0,,359000000.0,1372000000.0,1372000000.0,0.0,2703000000.0,665000000.0,2038000000.0,48846630000.0,227000000.0,-18000000.0,-63000000.0,0.0,0.0,-115000000.0,-104000000.0,-29000000.0,443000000.0,3000000.0,239000000.0,239000000.0,239000000.0,0.0,0.0,0.251,394000000.0,268000000.0,149000000.0,0.0,10.589,48.749,48.794,1444000000.0,0.0,332.29,13.787,13.787,573000000.0,4067000000.0,952000000.0,952000000.0,161000000.0,,,,,49000000.0,233000000.0,1.0,147000000.0,147000000.0,149000000.0,6.476,6347000000.0,64000000.0,30000000.0,0.0,43.177,3786000000.0
7,ILMN,MRQ,2019-09-30,2019-09-29,2019-09-29,2021-08-06,5000000.0,7089000000.0,,4222000000.0,2867000000.0,,30.197,-49000000.0,1815000000.0,1815000000.0,259000000.0,234000000.0,6.821,0.597,1822000000.0,0.0,1822000000.0,1822000000.0,0.0,47000000.0,0.0,0.0,0.0,281000000.0,328000000.0,0.362,328000000.0,281000000.0,270000000.0,1.59,1.58,1.59,4439000000.0,,4439000000.0,44163160000.0,39.0,33.032,218000000.0,1.483,1.0,648000000.0,0.714,976000000.0,11000000.0,5501000000.0,,417000000.0,1351000000.0,1351000000.0,0.0,2650000000.0,619000000.0,2031000000.0,44288160000.0,-128000000.0,0.0,-169000000.0,0.0,0.0,-173000000.0,-218000000.0,-169000000.0,267000000.0,-4000000.0,234000000.0,234000000.0,234000000.0,0.0,0.0,0.258,340000000.0,308000000.0,143000000.0,0.0,9.977,45.517,45.579,1430000000.0,0.0,301.28,12.807,12.807,541000000.0,3828000000.0,907000000.0,907000000.0,151000000.0,,,,,46000000.0,189000000.0,1.0,147000000.0,147000000.0,148000000.0,6.17,6113000000.0,88000000.0,36000000.0,0.0,41.585,3603000000.0
8,ILMN,MRQ,2019-06-30,2019-06-30,2019-06-30,2021-08-06,5000000.0,6973000000.0,,4156000000.0,2817000000.0,,29.469,-47000000.0,1943000000.0,1943000000.0,265000000.0,293000000.0,6.791,0.61,1818000000.0,0.0,1818000000.0,1818000000.0,0.0,49000000.0,0.0,0.0,0.0,364000000.0,413000000.0,0.493,413000000.0,364000000.0,349000000.0,2.01,1.99,2.01,4332000000.0,,4332000000.0,54309050000.0,48.0,41.394,96000000.0,0.653,1.0,573000000.0,0.684,986000000.0,15000000.0,5250000000.0,,420000000.0,1230000000.0,1230000000.0,0.0,2641000000.0,612000000.0,2029000000.0,54118050000.0,-327000000.0,-29000000.0,3000000.0,-549000000.0,0.0,-549000000.0,79000000.0,155000000.0,143000000.0,0.0,296000000.0,296000000.0,296000000.0,0.0,-3000000.0,0.353,368000000.0,205000000.0,139000000.0,0.0,12.493,57.695,57.794,1412000000.0,0.0,368.15,15.898,15.898,470000000.0,3594000000.0,838000000.0,838000000.0,166000000.0,,,,,48000000.0,202000000.0,1.0,147000000.0,147000000.0,149000000.0,5.701,5987000000.0,69000000.0,53000000.0,0.0,40.728,3544000000.0
9,ILMN,MRQ,2019-03-31,2019-03-31,2019-03-31,2021-08-06,2000000.0,7390000000.0,,4545000000.0,2845000000.0,,27.109,-56000000.0,2270000000.0,2270000000.0,262000000.0,224000000.0,3.662,0.833,2461000000.0,631000000.0,1830000000.0,2461000000.0,0.0,47000000.0,0.0,0.0,0.0,257000000.0,304000000.0,0.359,304000000.0,257000000.0,242000000.0,1.58,1.57,1.58,3985000000.0,,3985000000.0,46524430000.0,46.0,38.9,142000000.0,0.966,1.0,584000000.0,0.69,1006000000.0,15000000.0,5334000000.0,,412000000.0,1345000000.0,1345000000.0,0.0,3320000000.0,1241000000.0,2079000000.0,45671430000.0,1126000000.0,15000000.0,-36000000.0,-1000000.0,0.0,-60000000.0,988000000.0,1029000000.0,198000000.0,0.0,233000000.0,233000000.0,233000000.0,0.0,-9000000.0,0.275,380000000.0,204000000.0,137000000.0,0.0,11.461,53.668,53.753,1426000000.0,0.0,310.69,13.449,13.449,457000000.0,3298000000.0,846000000.0,846000000.0,169000000.0,,,,,51000000.0,211000000.0,1.0,147000000.0,147000000.0,149000000.0,5.755,6384000000.0,87000000.0,9000000.0,0.0,43.429,3304000000.0
10,ILMN,MRQ,2018-12-31,2018-12-30,2018-12-30,2021-08-06,-1000000.0,6959000000.0,,4490000000.0,2469000000.0,,25.565,-65000000.0,1144000000.0,1144000000.0,277000000.0,197000000.0,2.489,0.829,1997000000.0,1107000000.0,890000000.0,1997000000.0,0.0,50000000.0,0.0,0.0,0.0,242000000.0,292000000.0,0.337,292000000.0,242000000.0,222000000.0,1.43,1.41,1.43,3758000000.0,,3758000000.0,44460810000.0,45.0,37.871,235000000.0,1.599,1.0,590000000.0,0.681,1016000000.0,20000000.0,4992000000.0,,386000000.0,2368000000.0,2368000000.0,0.0,3114000000.0,1804000000.0,1310000000.0,43839810000.0,-202000000.0,0.0,-97000000.0,-1000000.0,0.0,-154000000.0,-348000000.0,-283000000.0,300000000.0,0.0,210000000.0,210000000.0,210000000.0,0.0,-13000000.0,0.242,393000000.0,197000000.0,184000000.0,0.0,11.666,53.075,52.972,1075000000.0,0.0,298.23,13.153,13.153,514000000.0,3083000000.0,867000000.0,867000000.0,176000000.0,,,,,47000000.0,217000000.0,1.0,147000000.0,147000000.0,152000000.0,5.898,5943000000.0,70000000.0,12000000.0,0.0,40.429,2686000000.0
11,ILMN,MRQ,2018-09-30,2018-09-30,2018-09-30,2021-08-06,-2000000.0,6759000000.0,,4262000000.0,2497000000.0,,23.83,-64000000.0,1346000000.0,1346000000.0,256000000.0,188000000.0,2.456,0.904,1967000000.0,1107000000.0,860000000.0,1967000000.0,0.0,45000000.0,0.0,0.0,0.0,258000000.0,303000000.0,0.355,303000000.0,258000000.0,243000000.0,1.35,1.33,1.35,3503000000.0,,3503000000.0,53961820000.0,54.0,46.279,228000000.0,1.551,1.0,597000000.0,0.7,1026000000.0,15000000.0,4619000000.0,,374000000.0,2043000000.0,2043000000.0,0.0,3165000000.0,1735000000.0,1430000000.0,53957820000.0,2000000.0,0.0,-80000000.0,734000000.0,0.0,651000000.0,-940000000.0,-876000000.0,292000000.0,-1000000.0,199000000.0,199000000.0,199000000.0,0.0,-11000000.0,0.233,356000000.0,241000000.0,156000000.0,0.0,15.403,78.886,78.768,1060000000.0,0.0,367.06,16.643,16.643,433000000.0,2872000000.0,853000000.0,853000000.0,159000000.0,,,,,48000000.0,197000000.0,1.0,147000000.0,147000000.0,149000000.0,5.803,5733000000.0,86000000.0,44000000.0,0.0,39.0,2527000000.0
12,ILMN,MRQ,2018-06-30,2018-07-01,2018-07-01,2021-08-06,-1000000.0,5851000000.0,,3337000000.0,2514000000.0,,22.156,-77000000.0,1344000000.0,1344000000.0,255000000.0,200000000.0,2.742,0.768,1348000000.0,625000000.0,723000000.0,1348000000.0,0.0,45000000.0,0.0,0.0,0.0,252000000.0,297000000.0,0.358,297000000.0,252000000.0,241000000.0,1.42,1.41,1.42,3257000000.0,,3257000000.0,40825630000.0,44.0,37.114,218000000.0,1.483,1.0,575000000.0,0.693,1036000000.0,11000000.0,3602000000.0,,362000000.0,1168000000.0,1168000000.0,0.0,2500000000.0,1217000000.0,1283000000.0,41055630000.0,-216000000.0,-100000000.0,1000000.0,0.0,0.0,30000000.0,-537000000.0,-360000000.0,295000000.0,-4000000.0,209000000.0,209000000.0,209000000.0,0.0,-9000000.0,0.252,348000000.0,227000000.0,149000000.0,0.0,12.605,63.357,63.045,1036000000.0,0.0,279.29,13.231,13.231,395000000.0,2673000000.0,830000000.0,830000000.0,151000000.0,,,,,50000000.0,197000000.0,1.0,147000000.0,147000000.0,148000000.0,5.646,4815000000.0,108000000.0,32000000.0,0.0,32.755,2120000000.0
13,ILMN,MRQ,2018-03-31,2018-04-01,2018-04-01,2021-08-06,-1000000.0,5542000000.0,,3194000000.0,2348000000.0,,20.463,-90000000.0,1560000000.0,1560000000.0,244000000.0,197000000.0,2.707,0.821,1330000000.0,620000000.0,710000000.0,1330000000.0,0.0,39000000.0,0.0,0.0,0.0,243000000.0,282000000.0,0.361,282000000.0,243000000.0,232000000.0,1.42,1.41,1.42,3008000000.0,,3008000000.0,34720740000.0,41.0,34.79,165000000.0,1.122,1.0,538000000.0,0.688,943000000.0,11000000.0,3189000000.0,,350000000.0,813000000.0,813000000.0,0.0,2469000000.0,1180000000.0,1289000000.0,34753740000.0,335000000.0,0.0,21000000.0,-2000000.0,0.0,67000000.0,12000000.0,102000000.0,255000000.0,1000000.0,208000000.0,208000000.0,208000000.0,0.0,-11000000.0,0.266,320000000.0,218000000.0,151000000.0,0.0,11.554,61.294,60.933,983000000.0,0.0,236.42,11.841,11.841,400000000.0,2464000000.0,782000000.0,782000000.0,137000000.0,,,,,48000000.0,183000000.0,1.0,147000000.0,147000000.0,148000000.0,5.32,4599000000.0,100000000.0,24000000.0,0.0,31.286,2014000000.0
14,ILMN,MRQ,2017-12-31,2017-12-31,2017-12-31,2021-08-06,-1000000.0,5257000000.0,,2980000000.0,2277000000.0,,18.829,-76000000.0,1225000000.0,1225000000.0,235000000.0,57000000.0,3.995,0.912,1192000000.0,10000000.0,1182000000.0,1192000000.0,0.0,39000000.0,0.0,0.0,0.0,245000000.0,284000000.0,0.366,284000000.0,245000000.0,234000000.0,0.47,0.47,0.47,2749000000.0,,2749000000.0,31727540000.0,28.0,24.71,218000000.0,1.493,1.0,542000000.0,0.698,946000000.0,11000000.0,3532000000.0,,333000000.0,920000000.0,920000000.0,0.0,2508000000.0,746000000.0,1762000000.0,31899540000.0,-129000000.0,0.0,-67000000.0,-2000000.0,0.0,-109000000.0,-315000000.0,-239000000.0,294000000.0,1000000.0,68000000.0,68000000.0,68000000.0,0.0,-11000000.0,0.088,312000000.0,230000000.0,160000000.0,0.0,11.604,43.999,44.05,931000000.0,0.0,218.49,11.591,11.591,411000000.0,2256000000.0,777000000.0,777000000.0,137000000.0,,,,,41000000.0,175000000.0,1.0,146000000.0,146000000.0,148000000.0,5.322,4311000000.0,88000000.0,166000000.0,0.0,29.527,2234000000.0
15,ILMN,MRQ,2017-09-30,2017-10-01,2017-10-01,2021-08-06,0.0,5046000000.0,,2805000000.0,2241000000.0,,19.555,-84000000.0,1354000000.0,1354000000.0,232000000.0,152000000.0,4.218,0.767,1182000000.0,2000000.0,1180000000.0,1182000000.0,0.0,41000000.0,0.0,0.0,0.0,196000000.0,237000000.0,0.332,237000000.0,196000000.0,186000000.0,1.12,1.11,1.12,2855000000.0,,2855000000.0,29038200000.0,28.0,24.259,151000000.0,1.034,1.0,482000000.0,0.675,956000000.0,10000000.0,3253000000.0,,327000000.0,687000000.0,687000000.0,0.0,2191000000.0,665000000.0,1526000000.0,29083200000.0,135000000.0,0.0,-43000000.0,-1000000.0,0.0,-5000000.0,-97000000.0,-13000000.0,235000000.0,2000000.0,163000000.0,163000000.0,163000000.0,0.0,-11000000.0,0.228,301000000.0,181000000.0,158000000.0,0.0,10.187,37.527,37.656,862000000.0,0.0,199.2,11.216,11.216,383000000.0,2188000000.0,714000000.0,714000000.0,134000000.0,,,,,34000000.0,167000000.0,1.0,146000000.0,146000000.0,148000000.0,4.89,4090000000.0,117000000.0,23000000.0,0.0,28.014,2140000000.0
16,ILMN,MRQ,2017-06-30,2017-07-02,2017-07-02,2021-08-06,0.0,4858000000.0,,2643000000.0,2215000000.0,,18.596,-69000000.0,1219000000.0,1219000000.0,228000000.0,120000000.0,3.875,0.789,1174000000.0,5000000.0,1169000000.0,1174000000.0,0.0,38000000.0,0.0,0.0,0.0,157000000.0,195000000.0,0.295,195000000.0,157000000.0,149000000.0,0.87,0.87,0.87,2715000000.0,,2715000000.0,25408920000.0,25.0,21.698,109000000.0,0.747,1.0,434000000.0,0.656,967000000.0,8000000.0,3164000000.0,,309000000.0,674000000.0,674000000.0,0.0,2143000000.0,682000000.0,1461000000.0,25333920000.0,238000000.0,0.0,9000000.0,0.0,0.0,24000000.0,35000000.0,104000000.0,178000000.0,1000000.0,128000000.0,128000000.0,128000000.0,0.0,-8000000.0,0.193,291000000.0,143000000.0,175000000.0,0.0,9.331,34.189,34.36,837000000.0,0.0,173.52,10.191,10.191,372000000.0,2025000000.0,662000000.0,662000000.0,130000000.0,,,,,39000000.0,161000000.0,1.0,146000000.0,146000000.0,147000000.0,4.534,3891000000.0,103000000.0,21000000.0,0.0,26.651,1961000000.0
17,ILMN,MRQ,2017-03-31,2017-04-02,2017-04-02,2021-08-06,-1000000.0,4598000000.0,,2517000000.0,2081000000.0,,17.473,-83000000.0,981000000.0,981000000.0,230000000.0,348000000.0,3.491,0.802,1056000000.0,1000000.0,1055000000.0,1056000000.0,0.0,38000000.0,0.0,0.0,0.0,530000000.0,568000000.0,0.95,568000000.0,530000000.0,522000000.0,2.5,2.48,2.5,2551000000.0,,2551000000.0,25279171000.0,24.0,21.441,85000000.0,0.582,1.0,368000000.0,0.615,978000000.0,8000000.0,2974000000.0,,299000000.0,797000000.0,797000000.0,0.0,2047000000.0,721000000.0,1326000000.0,24964632000.0,246000000.0,226000000.0,-79000000.0,-1000000.0,0.0,-86000000.0,163000000.0,20000000.0,168000000.0,1000000.0,367000000.0,366000000.0,366000000.0,0.0,-19000000.0,0.612,316000000.0,52000000.0,142000000.0,0.0,9.786,33.965,34.06,734000000.0,1000000.0,170.64,10.299,10.278,368000000.0,1897000000.0,598000000.0,598000000.0,145000000.0,,,,,50000000.0,171000000.0,1.0,146300000.0,146000000.0,147000000.0,4.096,3620000000.0,83000000.0,155000000.0,0.0,24.795,1796000000.0
18,ILMN,MRQ,2016-12-31,2017-01-01,2017-01-01,2021-08-06,-1000000.0,4281000000.0,,2318000000.0,1963000000.0,,14.946,-82000000.0,735000000.0,735000000.0,200000000.0,107000000.0,3.288,0.915,1058000000.0,2000000.0,1056000000.0,1058000000.0,0.0,38000000.0,0.0,0.0,0.0,159000000.0,197000000.0,0.318,197000000.0,159000000.0,151000000.0,0.8,0.8,0.8,2197000000.0,,2197000000.0,19056394000.0,30.0,24.749,180000000.0,1.224,1.0,419000000.0,0.677,1019000000.0,8000000.0,2880000000.0,,300000000.0,824000000.0,824000000.0,0.0,2011000000.0,705000000.0,1306000000.0,18809076000.0,-60000000.0,0.0,-136000000.0,5000000.0,0.0,-145000000.0,-174000000.0,-92000000.0,262000000.0,-3000000.0,124000000.0,118000000.0,118000000.0,0.0,-17000000.0,0.191,276000000.0,143000000.0,138000000.0,0.0,8.561,41.43,41.437,713000000.0,6000000.0,128.04,7.844,7.849,381000000.0,1485000000.0,619000000.0,619000000.0,130000000.0,,,,,27000000.0,146000000.0,1.0,146900000.0,147000000.0,148000000.0,4.211,3262000000.0,123000000.0,27000000.0,0.0,22.19,1613000000.0
19,ILMN,MRQ,2016-09-30,2016-10-02,2016-10-02,2021-08-06,1314000.0,4227827000.0,,2277836000.0,1949991000.0,,15.239,-68000000.0,794697000.0,794697000.0,181000000.0,117000000.0,3.622,0.852,1042015000.0,1250000.0,1040765000.0,1042015000.0,0.0,36000000.0,0.0,0.0,0.0,175000000.0,211000000.0,0.348,211000000.0,175000000.0,166000000.0,0.88,0.87,0.88,2240147000.0,,2240147000.0,26711575000.0,43.0,35.594,108000000.0,0.735,1.0,426000000.0,0.702,1031555000.0,9000000.0,2814735000.0,,312242000.0,741569000.0,741569000.0,0.0,1908150000.0,628855000.0,1279295000.0,26631356000.0,-157000000.0,0.0,7000000.0,4000000.0,0.0,9000000.0,-341000000.0,-273000000.0,176000000.0,-1000000.0,129000000.0,129000000.0,129000000.0,0.0,-12000000.0,0.213,265000000.0,161000000.0,134090000.0,0.0,11.888,59.716,59.757,633856000.0,0.0,181.66,11.233,11.264,381632000.0,1361652000.0,607000000.0,607000000.0,126000000.0,,,,,35000000.0,139000000.0,1.0,146600000.0,147000000.0,148000000.0,4.129,3196272000.0,182122000.0,37000000.0,0.0,21.743,1648981000.0
20,ILMN,MRQ,2016-06-30,2016-07-03,2016-07-03,2021-08-06,2318000.0,3985090000.0,,2143021000.0,1842069000.0,,13.985,-68000000.0,951662000.0,951662000.0,176000000.0,116000000.0,3.685,0.898,1031881000.0,511000.0,1031370000.0,1031881000.0,0.0,34000000.0,0.0,0.0,0.0,169000000.0,203000000.0,0.338,203000000.0,169000000.0,161000000.0,0.83,0.82,0.83,2055771000.0,,2055771000.0,20983192000.0,36.0,29.281,174000000.0,1.184,1.0,424000000.0,0.707,1044464000.0,8000000.0,2439338000.0,,311364000.0,473594000.0,473594000.0,0.0,1845178000.0,581507000.0,1263671000.0,20715456000.0,197000000.0,0.0,-96000000.0,6000000.0,0.0,-89000000.0,44000000.0,112000000.0,242000000.0,0.0,120000000.0,122000000.0,122000000.0,0.0,-4000000.0,0.203,262000000.0,162000000.0,250670000.0,0.0,10.077,47.611,47.384,511354000.0,-2000000.0,140.73,8.952,8.94,372480000.0,1232764000.0,600000000.0,600000000.0,125000000.0,,,,,32000000.0,148000000.0,1.0,147200000.0,147000000.0,148000000.0,4.082,2940626000.0,186462000.0,41000000.0,0.0,20.004,1561514000.0
21,ILMN,MRQ,2016-03-31,2016-04-03,2016-04-03,2021-08-06,1982000.0,3793706000.0,,2073798000.0,1719908000.0,,13.545,-53000000.0,754910000.0,754910000.0,175000000.0,88000000.0,4.309,0.865,1022646000.0,0.0,1022646000.0,1022646000.0,0.0,33000000.0,0.0,0.0,0.0,126000000.0,159000000.0,0.278,159000000.0,126000000.0,118000000.0,0.61,0.6,0.61,1991109000.0,,1991109000.0,24850228000.0,44.0,35.669,46000000.0,0.313,1.0,397000000.0,0.694,1045605000.0,8000000.0,2534609000.0,,287919000.0,588182000.0,588182000.0,0.0,1722783000.0,481228000.0,1241555000.0,24528420000.0,-14000000.0,-18000000.0,23000000.0,-76000000.0,0.0,-71000000.0,-44000000.0,27000000.0,99000000.0,2000000.0,90000000.0,90000000.0,90000000.0,0.0,-2000000.0,0.157,276000000.0,121000000.0,154680000.0,0.0,12.319,59.056,58.547,385253000.0,0.0,166.86,10.885,10.885,402514000.0,1112352000.0,572000000.0,572000000.0,124000000.0,,,,,35000000.0,150000000.0,1.0,147000000.0,147000000.0,148000000.0,3.891,2748101000.0,196198000.0,28000000.0,0.0,18.695,1592570000.0
22,ILMN,MRQ,2015-12-31,2016-01-03,2016-01-03,2021-08-06,36000.0,3687747000.0,,2096823000.0,1590924000.0,,12.604,-35364000.0,768770000.0,768770000.0,181717000.0,103474000.0,3.435,0.995,1090578000.0,74929000.0,1015649000.0,1090578000.0,0.0,33342000.0,0.0,0.0,0.0,144119000.0,177461000.0,0.3,177461000.0,144119000.0,136309000.0,0.72,0.71,0.72,1848553000.0,,1848553000.0,28659320000.0,45.0,37.859,331418000.0,2.26,1.0,410069000.0,0.693,1026250000.0,7810000.0,2372811000.0,,270777000.0,617450000.0,617450000.0,0.0,1839194000.0,610494000.0,1228700000.0,28100748000.0,217625000.0,-1774000.0,-195412000.0,-28793000.0,0.0,-379379000.0,228544000.0,265682000.0,366782000.0,1678000.0,104918000.0,104967000.0,104967000.0,0.0,-1444000.0,0.177,265910000.0,144159000.0,139226000.0,0.0,15.201,60.824,60.171,342694000.0,-49000.0,191.945,12.658,12.537,385529000.0,1022765000.0,591786000.0,591786000.0,113820000.0,,,,,157599000.0,138594000.0,1.0,146400000.0,146659000.0,148676000.0,4.035,2661497000.0,134515000.0,31391000.0,0.0,18.148,1486329000.0
23,ILMN,MRQ,2015-09-30,2015-09-27,2015-09-27,2021-08-06,1040000.0,3733548000.0,,2210428000.0,1523120000.0,,13.324,-29459000.0,551529000.0,551529000.0,162732000.0,115621000.0,3.786,0.928,1110101000.0,102166000.0,1007935000.0,1110101000.0,0.0,32856000.0,0.0,0.0,0.0,144294000.0,177150000.0,0.322,177150000.0,144294000.0,131473000.0,0.81,0.79,0.81,1936567000.0,,1936567000.0,26112857000.0,38.0,32.134,151535000.0,1.043,1.0,387539000.0,0.704,1043033000.0,12821000.0,2665230000.0,,233781000.0,887877000.0,887877000.0,0.0,1796981000.0,583857000.0,1213124000.0,25400638000.0,-39528000.0,-35226000.0,-14348000.0,-207543000.0,0.0,-180897000.0,-38927000.0,25758000.0,180994000.0,-698000.0,118177000.0,118128000.0,118128000.0,0.0,-2556000.0,0.215,246757000.0,140782000.0,123432000.0,0.0,13.116,49.775,49.034,308722000.0,49000.0,175.54,11.866,11.919,413474000.0,918288000.0,550271000.0,550271000.0,99226000.0,,,,,16688000.0,136648000.0,1.0,144700000.0,145349000.0,149672000.0,3.786,2690515000.0,130564000.0,13296000.0,0.0,18.511,1626571000.0
24,ILMN,MRQ,2015-06-30,2015-06-28,2015-06-28,2021-08-06,599000.0,3703125000.0,,2237691000.0,1465434000.0,,12.439,-41626000.0,591057000.0,591057000.0,163013000.0,102247000.0,3.086,1.064,1303276000.0,302447000.0,1000829000.0,1303276000.0,0.0,30700000.0,0.0,0.0,0.0,152377000.0,183077000.0,0.339,183077000.0,152377000.0,141172000.0,0.71,0.69,0.71,1793912000.0,,1793912000.0,32190113000.0,48.0,40.975,129819000.0,0.9,1.0,376365000.0,0.698,1013081000.0,11205000.0,2677210000.0,,223620000.0,919325000.0,919325000.0,0.0,1909213000.0,725053000.0,1184160000.0,31422446000.0,57520000.0,0.0,12786000.0,-8550000.0,0.0,27810000.0,-142470000.0,-100844000.0,171445000.0,735000.0,102247000.0,102247000.0,102247000.0,0.0,0.0,0.19,224432000.0,151933000.0,107884000.0,0.0,17.516,64.699,63.574,302840000.0,0.0,218.06,15.173,15.186,368611000.0,800111000.0,539378000.0,539378000.0,96182000.0,,,,,3240000.0,124441000.0,1.0,144100000.0,144220000.0,148969000.0,3.74,2690044000.0,118399000.0,38925000.0,0.0,18.652,1512638000.0
25,ILMN,MRQ,2015-03-31,2015-03-29,2015-03-29,2021-08-06,2334000.0,3499093000.0,,2060281000.0,1438812000.0,,11.291,-36551000.0,533537000.0,533537000.0,163538000.0,136658000.0,2.901,1.156,1301204000.0,307427000.0,993777000.0,1301204000.0,0.0,30102000.0,0.0,0.0,0.0,189210000.0,219312000.0,0.407,219312000.0,189210000.0,178046000.0,0.95,0.92,0.95,1623326000.0,,1623326000.0,27569928000.0,47.0,39.361,30228000.0,0.21,1.0,375027000.0,0.696,1026206000.0,11164000.0,2530303000.0,,205184000.0,832952000.0,832952000.0,0.0,1875767000.0,710251000.0,1165516000.0,26915046000.0,-102617000.0,0.0,-5026000.0,-114000.0,0.0,-12534000.0,-154147000.0,-117596000.0,66779000.0,-2715000.0,136658000.0,136658000.0,136658000.0,0.0,0.0,0.254,198901000.0,176126000.0,106674000.0,0.0,16.58,62.588,60.769,280628000.0,0.0,187.17,13.599,13.597,350044000.0,697864000.0,538565000.0,538565000.0,91772000.0,,,,,-44527000.0,116317000.0,1.0,143800000.0,143771000.0,148683000.0,3.746,2472887000.0,112227000.0,41388000.0,0.0,17.2,1350030000.0
26,ILMN,MRQ,2014-12-31,2014-12-28,2014-12-28,2021-08-06,-1080000.0,3339640000.0,,1889603000.0,1450037000.0,,10.277,-64332000.0,636154000.0,636154000.0,127442000.0,153280000.0,2.617,1.283,1291036000.0,304256000.0,986780000.0,1291036000.0,0.0,29952000.0,0.0,0.0,0.0,203137000.0,233089000.0,0.455,233089000.0,203137000.0,192061000.0,1.11,1.03,1.11,1462798000.0,,1462798000.0,27175460000.0,55.0,45.063,76217000.0,0.535,1.0,384937000.0,0.751,1039404000.0,11076000.0,2232960000.0,,191144000.0,702217000.0,702217000.0,0.0,1876842000.0,722158000.0,1154684000.0,26724400000.0,-193741000.0,0.0,-23157000.0,-1244832000.0,0.0,202000.0,-332783000.0,-268451000.0,140549000.0,-1709000.0,153280000.0,153280000.0,153280000.0,0.0,0.0,0.299,182054000.0,202883000.0,82626000.0,0.0,18.269,75.631,72.107,265264000.0,0.0,188.2,14.357,13.706,289458000.0,561206000.0,512379000.0,512379000.0,142947000.0,,,,,14622000.0,122173000.0,1.0,142000000.0,142342000.0,148656000.0,3.6,2300236000.0,90634000.0,38781000.0,0.0,16.16,1167445000.0
27,ILMN,MRQ,2014-09-30,2014-09-28,2014-09-28,2021-08-06,361000.0,3278206000.0,,1906954000.0,1371252000.0,,9.029,-34923000.0,829895000.0,829895000.0,146689000.0,93489000.0,2.227,1.573,1280955000.0,301119000.0,979836000.0,1280955000.0,0.0,26689000.0,0.0,0.0,0.0,123430000.0,150119000.0,0.312,150119000.0,123430000.0,112443000.0,0.66,0.63,0.66,1274313000.0,,1274313000.0,23658078000.0,57.0,44.854,110682000.0,0.784,1.0,333941000.0,0.695,1024232000.0,10987000.0,1848633000.0,,199298000.0,441532000.0,441532000.0,0.0,2003893000.0,856401000.0,1147492000.0,23062336000.0,154674000.0,-3285000.0,30581000.0,-133000.0,0.0,55495000.0,-44231000.0,-6023000.0,145605000.0,-2195000.0,93489000.0,93489000.0,93489000.0,0.0,0.0,0.195,214448000.0,119493000.0,96069000.0,0.0,18.098,82.151,77.671,247643000.0,0.0,165.44,13.282,13.448,276675000.0,407926000.0,480630000.0,480630000.0,85082000.0,,,,,19363000.0,119888000.0,1.0,139400000.0,141142000.0,147512000.0,3.405,2253974000.0,141659000.0,18954000.0,0.0,15.97,1050553000.0
28,ILMN,MRQ,2014-06-30,2014-06-29,2014-06-29,2021-08-06,1333000.0,3035055000.0,,1620721000.0,1414334000.0,,8.274,-23324000.0,675221000.0,675221000.0,147028000.0,46605000.0,2.496,1.809,1270963000.0,298018000.0,972945000.0,1270963000.0,0.0,27526000.0,0.0,0.0,0.0,70388000.0,97914000.0,0.219,97914000.0,70388000.0,60466000.0,0.36,0.31,0.36,1080436000.0,,1080436000.0,22504183000.0,66.0,49.864,154706000.0,1.185,1.0,300540000.0,0.671,1026498000.0,9922000.0,1955092000.0,,177534000.0,427835000.0,427835000.0,0.0,1954619000.0,649207000.0,1305412000.0,22174680000.0,156708000.0,0.0,-50307000.0,1132285000.0,0.0,-136521000.0,114777000.0,138101000.0,178030000.0,422000.0,46605000.0,46605000.0,46605000.0,0.0,0.0,0.104,200301000.0,100239000.0,91513000.0,0.0,20.524,101.44,100.407,230113000.0,0.0,172.7,13.752,13.986,258694000.0,314437000.0,447568000.0,447568000.0,82985000.0,,,,,9191000.0,114649000.0,1.0,128400000.0,130583000.0,149121000.0,3.427,2008557000.0,115055000.0,13861000.0,0.0,15.381,971514000.0
29,ILMN,MRQ,2014-03-31,2014-03-30,2014-03-30,2021-08-06,1208000.0,3053570000.0,,1631943000.0,1421627000.0,,12.28,-19637000.0,518513000.0,518513000.0,142489000.0,59977000.0,1.419,0.94,848016000.0,848016000.0,0.0,848016000.0,0.0,28407000.0,0.0,0.0,0.0,93531000.0,121938000.0,0.29,121938000.0,93531000.0,83788000.0,0.47,0.4,0.47,1573613000.0,,1573613000.0,18363920000.0,56.0,42.105,17450000.0,0.136,1.0,278292000.0,0.661,1040243000.0,9743000.0,1193051000.0,,164231000.0,573289000.0,573289000.0,0.0,1479957000.0,1149779000.0,330178000.0,18206964000.0,-193124000.0,0.0,-97972000.0,-29654000.0,0.0,-85924000.0,-144387000.0,-124750000.0,37087000.0,100000.0,59977000.0,59977000.0,59977000.0,0.0,0.0,0.143,186196000.0,92096000.0,86471000.0,0.0,11.57,87.587,86.073,210372000.0,0.0,142.02,12.05,12.045,293045000.0,267832000.0,420781000.0,420781000.0,77041000.0,,,,,-17104000.0,109573000.0,1.0,128200000.0,128146000.0,150619000.0,3.284,2013327000.0,141685000.0,23811000.0,0.0,15.711,482164000.0
30,ILMN,MRQ,2013-12-31,2013-12-29,2013-12-29,2021-08-06,1234000.0,3019006000.0,,1617535000.0,1401471000.0,,12.1,-35809000.0,711637000.0,711637000.0,128080000.0,80661000.0,5.022,0.969,868593000.0,29288000.0,839305000.0,868593000.0,0.0,27167000.0,0.0,0.0,0.0,130313000.0,157480000.0,0.407,157480000.0,130313000.0,120369000.0,0.64,0.58,0.64,1533202000.0,,1533202000.0,14119259999.0,71.0,47.551,91030000.0,0.718,1.0,259246000.0,0.669,1054234000.0,9944000.0,1799665000.0,,154099000.0,453966000.0,453966000.0,0.0,1485804000.0,322063000.0,1163741000.0,13951595999.0,19801000.0,-86023000.0,14234000.0,-131000.0,0.0,43556000.0,-150810000.0,-28978000.0,126839000.0,216000.0,80661000.0,80661000.0,80661000.0,0.0,0.0,0.208,185462000.0,73784000.0,73655000.0,0.0,9.1,111.338,110.38,202666000.0,0.0,110.38,9.817,9.714,238946000.0,207855000.0,387326000.0,387326000.0,76728000.0,,,,,293000.0,111649000.0,1.0,126396050.0,126708000.0,143854000.0,3.057,1964772000.0,124556000.0,39708000.0,0.0,15.506,1295472000.0
31,ILMN,MRQ,2013-09-30,2013-09-29,2013-09-29,2021-08-06,1368000.0,2817696000.0,,1537646000.0,1280050000.0,,10.955,-18932000.0,691836000.0,691836000.0,146860000.0,31357000.0,3.67,1.05,859500000.0,28810000.0,830690000.0,859500000.0,0.0,26878000.0,0.0,0.0,0.0,47101000.0,73979000.0,0.207,73979000.0,47101000.0,37147000.0,0.25,0.22,0.25,1374464000.0,,1374464000.0,10204323469.0,56.0,37.577,64204000.0,0.512,1.0,209940000.0,0.588,965103000.0,9954000.0,1601332000.0,,159866000.0,336155000.0,336155000.0,0.0,1443232000.0,418925000.0,1024307000.0,10136034469.0,-91775000.0,-92317000.0,39147000.0,-1581000.0,0.0,-75053000.0,-101295000.0,9954000.0,83136000.0,1437000.0,31357000.0,31357000.0,31357000.0,0.0,0.0,0.088,164476000.0,45464000.0,63126000.0,0.0,7.375,86.967,86.181,193649000.0,0.0,81.01,7.547,7.567,235437000.0,127187000.0,356800000.0,356800000.0,70957000.0,,,,,15028000.0,95617000.0,1.0,125120781.0,125465000.0,140601000.0,2.844,1852593000.0,128771000.0,5790000.0,0.0,14.766,1118721000.0
32,ILMN,MRQ,2013-06-30,2013-06-30,2013-06-30,2021-08-06,1163000.0,2823202000.0,,1646391000.0,1176811000.0,,11.166,-13876000.0,783611000.0,783611000.0,122685000.0,35877000.0,3.93,1.033,851900000.0,29731000.0,822169000.0,851900000.0,0.0,23349000.0,0.0,0.0,0.0,59405000.0,82754000.0,0.239,82754000.0,59405000.0,49360000.0,0.29,0.26,0.29,1388592000.0,,1388592000.0,9716789709.0,52.0,36.393,74730000.0,0.601,1.0,223409000.0,0.646,901057000.0,10045000.0,1571554000.0,,168070000.0,345852000.0,345852000.0,0.0,1434610000.0,418880000.0,1015730000.0,9308489709.0,340529000.0,-50000.0,2832000.0,-9082000.0,0.0,5784000.0,247477000.0,261403000.0,88606000.0,-1338000.0,35877000.0,35877000.0,35877000.0,0.0,0.0,0.104,163403000.0,60006000.0,67648000.0,0.0,6.704,80.985,80.473,187362000.0,0.0,74.84,7.317,7.316,207413000.0,95837000.0,346094000.0,346094000.0,67608000.0,,,,,14886000.0,88700000.0,1.0,124378537.0,124362000.0,139377000.0,2.783,1922145000.0,94602000.0,13483000.0,0.0,15.456,1227511000.0
33,ILMN,MRQ,2013-03-31,2013-03-31,2013-03-31,2021-08-06,1703000.0,2744188000.0,,1550773000.0,1193415000.0,,10.599,-21942000.0,443082000.0,443082000.0,111666000.0,-22587000.0,3.783,1.092,851382000.0,37641000.0,813741000.0,851382000.0,0.0,20531000.0,0.0,0.0,0.0,-37815000.0,-17284000.0,-0.052,-17284000.0,-37815000.0,-47562000.0,-0.18,-0.18,-0.18,1311827000.0,,1311827000.0,7104111901.0,41.0,29.173,65898000.0,0.532,1.0,219292000.0,0.663,911707000.0,9747000.0,1830840000.0,,167959000.0,624388000.0,624388000.0,0.0,1432361000.0,409941000.0,1022420000.0,6695719901.0,9101000.0,-345111000.0,-11773000.0,-58000.0,0.0,-13006000.0,-65021000.0,302032000.0,87840000.0,-712000.0,-22587000.0,-22587000.0,-22587000.0,0.0,0.0,-0.068,264439000.0,-45147000.0,76627000.0,0.0,5.104,65.346,65.036,186792000.0,0.0,53.98,5.549,5.537,210831000.0,59960000.0,330958000.0,330958000.0,61450000.0,,,,,18941000.0,85074000.0,1.0,124040754.0,123768000.0,123768000.0,2.674,1832481000.0,95634000.0,-24975000.0,0.0,14.806,1140832000.0
34,ILMN,MRQ,2012-12-31,2012-12-30,2012-12-30,2021-08-06,2123000.0,2566085000.0,,1787048000.0,779037000.0,,10.702,-18000000.0,433981000.0,433981000.0,105618000.0,71903000.0,5.867,0.946,842373000.0,36967000.0,805406000.0,842373000.0,0.0,18619000.0,0.0,0.0,0.0,113489000.0,132108000.0,0.427,132108000.0,113489000.0,103903000.0,0.58,0.53,0.58,1318581000.0,,1318581000.0,7245646609.0,28.0,22.246,60876000.0,0.494,1.0,203647000.0,0.658,499523000.0,9586000.0,2170383000.0,,158718000.0,916223000.0,916223000.0,0.0,1247504000.0,304571000.0,942933000.0,6755266609.0,90892000.0,0.0,-14362000.0,0.0,0.0,-6042000.0,18611000.0,36611000.0,78876000.0,-553000.0,71903000.0,71903000.0,71903000.0,0.0,0.0,0.232,144301000.0,59346000.0,65727000.0,0.0,5.123,44.662,44.512,166167000.0,0.0,54.75,5.882,5.863,214975000.0,82547000.0,309265000.0,309265000.0,56907000.0,,,,,15856000.0,79715000.0,1.0,123383865.0,123209000.0,135394000.0,2.51,2066562000.0,70634000.0,32000000.0,0.0,16.773,1482477000.0
35,ILMN,MRQ,2012-09-30,2012-09-30,2012-09-30,2021-08-06,2447000.0,2437983000.0,,1646236000.0,791747000.0,,9.942,-28979000.0,343089000.0,343089000.0,90001000.0,29748000.0,5.431,0.995,833469000.0,36307000.0,797162000.0,833469000.0,0.0,16289000.0,0.0,0.0,0.0,53128000.0,69417000.0,0.243,69417000.0,53128000.0,43645000.0,0.24,0.22,0.24,1222214000.0,,1222214000.0,6435139763.0,37.0,26.548,22249000.0,0.181,1.0,195873000.0,0.685,505018000.0,9483000.0,2120246000.0,,147684000.0,889977000.0,889977000.0,0.0,1215769000.0,303099000.0,912670000.0,5926883763.0,26677000.0,-83156000.0,-9323000.0,0.0,0.0,-8065000.0,-17105000.0,95030000.0,51228000.0,619000.0,29748000.0,29748000.0,29748000.0,0.0,0.0,0.104,147059000.0,48814000.0,74971000.0,0.0,4.849,65.08,65.122,154869000.0,0.0,48.19,5.441,5.438,218145000.0,10640000.0,285874000.0,285874000.0,54056000.0,,,,,21814000.0,69791000.0,1.0,122989910.0,122930000.0,132507000.0,2.326,1932965000.0,81639000.0,13897000.0,0.0,15.724,1343137000.0
36,ILMN,MRQ,2012-06-30,2012-07-01,2012-07-01,2021-08-06,2203000.0,2348738000.0,,1664372000.0,684366000.0,,9.583,-20946000.0,316412000.0,316412000.0,87610000.0,23401000.0,5.564,0.989,824668000.0,35660000.0,789008000.0,824668000.0,0.0,14984000.0,0.0,0.0,0.0,44295000.0,59279000.0,0.211,59279000.0,44295000.0,34787000.0,0.19,0.18,0.19,1180783000.0,,1180783000.0,5541839124.0,35.0,24.406,75383000.0,0.612,1.0,192997000.0,0.688,410860000.0,9508000.0,2146993000.0,,133844000.0,985274000.0,985274000.0,0.0,1167955000.0,299141000.0,868814000.0,4986065124.0,56218000.0,0.0,-28601000.0,0.0,0.0,-30264000.0,-9648000.0,11298000.0,96329000.0,-199000.0,23401000.0,23401000.0,23401000.0,0.0,0.0,0.083,150017000.0,42980000.0,56668000.0,0.0,4.223,61.198,60.284,147917000.0,0.0,40.39,4.799,4.79,188562000.0,-19108000.0,280607000.0,280607000.0,71223000.0,,,,,22336000.0,68516000.0,1.0,123448010.0,123214000.0,133011000.0,2.277,1937878000.0,72773000.0,11386000.0,0.0,15.728,1365231000.0
37,ILMN,MRQ,2012-03-31,2012-04-01,2012-04-01,2021-08-06,2263000.0,2301474000.0,,1637291000.0,664183000.0,,9.46,-13084000.0,260194000.0,260194000.0,91759000.0,26202000.0,5.589,0.984,815968000.0,35025000.0,780943000.0,815968000.0,0.0,15427000.0,0.0,0.0,0.0,49475000.0,64902000.0,0.238,64902000.0,49475000.0,40273000.0,0.21,0.2,0.21,1160172000.0,,1160172000.0,6940015575.0,40.0,28.593,52356000.0,0.427,1.0,181011000.0,0.664,424860000.0,9202000.0,2139462000.0,,128684000.0,1006169000.0,1006169000.0,0.0,1141302000.0,292926000.0,848376000.0,6435624575.0,-42784000.0,0.0,24122000.0,0.0,0.0,33616000.0,-141870000.0,-128786000.0,65440000.0,30000.0,26202000.0,26202000.0,26202000.0,0.0,0.0,0.096,131399000.0,49612000.0,59861000.0,0.0,5.547,72.561,72.068,143494000.0,0.0,52.61,6.154,6.17,202234000.0,-42510000.0,272770000.0,272770000.0,48839000.0,,,,,13535000.0,67969000.0,1.0,122327021.0,122642000.0,133859000.0,2.224,1876614000.0,49171000.0,14071000.0,0.0,15.302,1344365000.0
38,ILMN,MRQ,2011-12-31,2012-01-01,2012-01-01,2021-08-06,2117000.0,2195840000.0,,1544619000.0,651221000.0,,8.846,-27764000.0,302978000.0,302978000.0,79485000.0,11720000.0,6.807,1.042,807369000.0,0.0,807369000.0,807369000.0,0.0,19388000.0,0.0,0.0,0.0,29407000.0,48795000.0,0.195,48795000.0,29407000.0,20222000.0,0.1,0.1,0.1,1075215000.0,,1075215000.0,4270493437.0,25.0,18.017,80536000.0,0.663,1.0,170586000.0,0.682,428328000.0,9185000.0,2044982000.0,,128781000.0,886590000.0,886590000.0,0.0,1120625000.0,226921000.0,893704000.0,3701469437.0,73132000.0,0.0,-3631000.0,0.0,0.0,7848000.0,-42960000.0,-15196000.0,108300000.0,-56000.0,11720000.0,11720000.0,11720000.0,0.0,0.0,0.047,143287000.0,27299000.0,49806000.0,0.0,3.443,42.728,43.543,143483000.0,0.0,30.48,3.507,3.563,173886000.0,-68707000.0,250071000.0,250071000.0,45513000.0,,,,,15849000.0,60918000.0,1.0,121439286.0,121545000.0,124888000.0,2.057,1767512000.0,42863000.0,8502000.0,0.0,14.542,1317698000.0
39,ILMN,MRQ,2011-09-30,2011-10-02,2011-10-02,2021-08-06,2086000.0,2147059000.0,,1504214000.0,642845000.0,,8.483,-22181000.0,229846000.0,229846000.0,78384000.0,20151000.0,5.061,1.073,798870000.0,33793000.0,765077000.0,798870000.0,0.0,17502000.0,0.0,0.0,0.0,36588000.0,54090000.0,0.23,54090000.0,36588000.0,27791000.0,0.17,0.15,0.17,1035540000.0,,1035540000.0,5624822102.0,29.0,21.868,67861000.0,0.556,1.0,157115000.0,0.667,431620000.0,8797000.0,1987250000.0,,139265000.0,902344000.0,902344000.0,0.0,1111519000.0,297213000.0,814306000.0,5087983102.0,-31238000.0,0.0,-185932000.0,-8965000.0,0.0,-187830000.0,67101000.0,89282000.0,90042000.0,-551000.0,20151000.0,20151000.0,20151000.0,0.0,0.0,0.086,120351000.0,36764000.0,52249000.0,0.0,4.913,44.888,44.478,135393000.0,0.0,40.92,4.77,4.683,169052000.0,-80432000.0,235499000.0,235499000.0,50399000.0,,,,,17504000.0,66031000.0,1.0,124339763.0,122079000.0,135966000.0,1.929,1715439000.0,44478000.0,7640000.0,0.0,14.052,1207001000.0
40,ILMN,MRQ,2011-06-30,2011-07-03,2011-07-03,2021-08-06,2347000.0,2256986000.0,,1623315000.0,633671000.0,,9.463,-17191000.0,261084000.0,261084000.0,94094000.0,30620000.0,5.707,0.932,797923000.0,40649000.0,757274000.0,797923000.0,0.0,16488000.0,0.0,0.0,0.0,58442000.0,74930000.0,0.261,74930000.0,58442000.0,49024000.0,0.25,0.22,0.25,1168304000.0,,1168304000.0,9712328320.0,44.0,35.3,54029000.0,0.438,1.0,193356000.0,0.673,434561000.0,9418000.0,2074809000.0,,142583000.0,972830000.0,972830000.0,0.0,1088682000.0,284455000.0,804227000.0,9359263320.0,-149257000.0,0.0,-1521000.0,29718000.0,0.0,51517000.0,-272264000.0,-255073000.0,71220000.0,270000.0,30620000.0,30620000.0,30620000.0,0.0,0.0,0.107,127346000.0,66010000.0,58270000.0,0.0,8.011,72.753,73.796,129762000.0,0.0,76.01,8.759,8.782,193431000.0,-100584000.0,287450000.0,287450000.0,50801000.0,,,,,346000.0,69233000.0,1.0,123132000.0,123456000.0,141765000.0,2.328,1822425000.0,39440000.0,18404000.0,0.0,14.762,1338860000.0
41,ILMN,MRQ,2011-03-31,2011-04-03,2011-04-03,2021-08-06,1120000.0,2123149000.0,,1511473000.0,611676000.0,,8.412,-12414000.0,410341000.0,410341000.0,94474000.0,24137000.0,4.377,0.995,763406000.0,111323000.0,652083000.0,763406000.0,0.0,15814000.0,0.0,0.0,0.0,43398000.0,59212000.0,0.21,59212000.0,43398000.0,36008000.0,0.19,0.16,0.19,1064226000.0,,1064226000.0,9093478043.0,42.0,34.593,76164000.0,0.602,1.0,188041000.0,0.666,438962000.0,7390000.0,1691939000.0,,150708000.0,724297000.0,724297000.0,0.0,1058923000.0,345313000.0,713610000.0,9030816043.0,161394000.0,-58302000.0,-317384000.0,532865000.0,0.0,225481000.0,-152876000.0,-82160000.0,88578000.0,211000.0,24137000.0,24137000.0,24137000.0,0.0,0.0,0.085,118653000.0,69388000.0,66287000.0,0.0,8.486,70.653,69.373,125185000.0,0.0,70.76,9.093,9.014,181924000.0,-131204000.0,282515000.0,282515000.0,50200000.0,,,,,12039000.0,65661000.0,1.0,127626004.0,126517000.0,153129000.0,2.233,1684187000.0,19449000.0,11871000.0,0.0,13.312,1166160000.0
42,ILMN,MRQ,2010-12-31,2011-01-02,2011-01-02,2021-08-06,1765000.0,1839113000.0,,1258398000.0,580715000.0,,9.515,-12534000.0,248947000.0,248947000.0,95172000.0,38440000.0,2.354,0.536,311609000.0,311609000.0,0.0,311609000.0,0.0,11888000.0,0.0,0.0,0.0,57102000.0,68990000.0,0.264,68990000.0,57102000.0,50783000.0,0.31,0.26,0.31,1197675000.0,,1197675000.0,8015624376.0,38.0,31.81,68947000.0,0.548,1.0,166126000.0,0.636,369668000.0,6319000.0,997590000.0,,142211000.0,645342000.0,645342000.0,0.0,641438000.0,534517000.0,106921000.0,7920285376.0,38180000.0,-1000.0,-1350000.0,0.0,0.0,26544000.0,-70057000.0,-57522000.0,81481000.0,428000.0,38440000.0,38440000.0,38440000.0,0.0,0.0,0.147,97459000.0,68667000.0,66744000.0,0.0,6.613,63.418,62.713,129874000.0,0.0,63.34,8.774,8.671,165598000.0,-155335000.0,261298000.0,261298000.0,45801000.0,,,,,-8053000.0,62034000.0,1.0,125043975.0,125876000.0,151170000.0,2.076,1469445000.0,58875000.0,12343000.0,0.0,11.674,723881000.0
43,ILMN,MRQ,2010-09-30,2010-10-03,2010-10-03,2021-08-06,2565000.0,1725221000.0,,1140347000.0,584874000.0,,8.887,-17612000.0,210767000.0,210767000.0,80164000.0,35447000.0,2.279,0.557,306106000.0,306106000.0,0.0,306106000.0,0.0,11102000.0,0.0,0.0,0.0,60900000.0,72002000.0,0.303,72002000.0,60900000.0,54710000.0,0.28,0.24,0.28,1108121000.0,,1108121000.0,6164709542.0,34.0,28.078,37216000.0,0.298,1.0,157145000.0,0.662,350445000.0,6190000.0,969691000.0,,130029000.0,596049000.0,596049000.0,0.0,617100000.0,500424000.0,116676000.0,6101191542.0,-26420000.0,-23141000.0,5857000.0,0.0,0.0,12408000.0,-93872000.0,-53119000.0,54828000.0,0.0,35447000.0,35447000.0,35447000.0,0.0,0.0,0.149,99810000.0,57335000.0,59792000.0,0.0,5.506,62.158,61.362,126269000.0,0.0,49.09,7.422,7.446,170618000.0,-193779000.0,237309000.0,237309000.0,44804000.0,,,,,11409000.0,55006000.0,1.0,124285833.0,124684000.0,145205000.0,1.903,1374776000.0,54346000.0,19263000.0,0.0,11.026,639923000.0
44,ILMN,MRQ,2010-06-30,2010-07-04,2010-07-04,2021-08-06,2612000.0,1641885000.0,,1088267000.0,553618000.0,,8.424,-15142000.0,237187000.0,237187000.0,65912000.0,29796000.0,2.258,0.583,300705000.0,300705000.0,0.0,300705000.0,0.0,10008000.0,0.0,0.0,0.0,52660000.0,62668000.0,0.296,62668000.0,52660000.0,46526000.0,0.24,0.21,0.24,1036960000.0,,1036960000.0,5330249841.0,35.0,28.173,62057000.0,0.504,1.0,146091000.0,0.689,342117000.0,6134000.0,881430000.0,,119445000.0,548193000.0,548193000.0,0.0,604925000.0,481856000.0,123069000.0,5248070841.0,23962000.0,-65069000.0,39716000.0,0.0,0.0,43216000.0,-96460000.0,-16249000.0,77199000.0,7000.0,29796000.0,29796000.0,29796000.0,0.0,0.0,0.141,98663000.0,47428000.0,57574000.0,0.0,5.061,65.777,65.288,122398000.0,0.0,43.09,7.063,7.138,147939000.0,-229218000.0,212003000.0,212003000.0,43667000.0,,,,,13345000.0,53135000.0,1.0,121793243.0,123095000.0,140951000.0,1.722,1299768000.0,64737000.0,16730000.0,0.0,10.559,606411000.0
45,ILMN,MRQ,2010-03-31,2010-04-04,2010-04-04,2021-08-06,2652000.0,1505211000.0,,1040514000.0,464697000.0,,7.805,-11180000.0,213225000.0,213225000.0,59953000.0,21208000.0,2.334,0.598,295404000.0,295404000.0,0.0,295404000.0,0.0,9011000.0,0.0,0.0,0.0,39316000.0,48327000.0,0.252,48327000.0,39316000.0,33361000.0,0.18,0.16,0.18,941797000.0,,941797000.0,4873317106.0,34.0,27.84,47885000.0,0.397,1.0,132178000.0,0.688,255515000.0,5955000.0,886035000.0,,100623000.0,534755000.0,534755000.0,0.0,563414000.0,445840000.0,117574000.0,4727748106.0,68592000.0,-10000000.0,29806000.0,0.0,0.0,34306000.0,-24664000.0,-3484000.0,59065000.0,-115000.0,21208000.0,21208000.0,21208000.0,0.0,0.0,0.11,93953000.0,38225000.0,47550000.0,0.0,5.02,63.308,63.387,118014000.0,0.0,39.3,6.825,6.846,156030000.0,-259018000.0,192131000.0,192131000.0,43675000.0,,,,,12499000.0,50278000.0,1.0,120298934.0,120668000.0,136407000.0,1.592,1249696000.0,66570000.0,12153000.0,0.0,10.356,594674000.0
46,ILMN,MRQ,2009-12-31,2010-01-03,2010-01-03,2021-08-06,2830000.0,1429937000.0,,981590000.0,448347000.0,,7.038,-9785000.0,144633000.0,144633000.0,55038000.0,11705000.0,2.225,0.655,290202000.0,290202000.0,0.0,290202000.0,0.0,7915000.0,0.0,0.0,0.0,28645000.0,36560000.0,0.202,36560000.0,28645000.0,22288000.0,0.1,0.09,0.1,864248000.0,,864248000.0,3884019925.0,28.0,22.979,51504000.0,0.419,1.0,125526000.0,0.695,257240000.0,6357000.0,877030000.0,,92776000.0,548894000.0,548894000.0,0.0,565689000.0,441236000.0,124453000.0,3837839925.0,-93895000.0,0.0,-171391000.0,0.0,0.0,-171149000.0,15553000.0,25338000.0,61289000.0,412000.0,11705000.0,11705000.0,11705000.0,0.0,0.0,0.065,99839000.0,25687000.0,52781000.0,0.0,4.441,53.096,52.0,117188000.0,0.0,30.68,5.76,5.67,157751000.0,-280226000.0,180564000.0,180564000.0,40368000.0,,,,,16235000.0,49471000.0,1.0,125092566.0,122794000.0,136070000.0,1.47,1172697000.0,67392000.0,10583000.0,0.0,9.55,540354000.0
47,ILMN,MRQ,2009-09-30,2009-09-27,2009-09-27,2021-08-06,3237000.0,1541716000.0,,1031356000.0,510360000.0,,8.045,-19697000.0,238528000.0,238528000.0,51234000.0,17077000.0,2.499,0.538,284708000.0,284708000.0,0.0,284708000.0,0.0,8217000.0,0.0,0.0,0.0,33427000.0,41644000.0,0.263,41644000.0,33427000.0,27463000.0,0.14,0.12,0.14,1002120000.0,,1002120000.0,4975077491.0,30.0,25.204,1088000.0,0.009,1.0,107126000.0,0.676,271821000.0,5964000.0,903433000.0,,80849000.0,576852000.0,521402000.0,55450000.0,539596000.0,412642000.0,126954000.0,5047471491.0,-113569000.0,-1325000.0,11964000.0,0.0,0.0,25341000.0,-158994000.0,-137972000.0,20785000.0,-701000.0,17077000.0,17077000.0,17077000.0,0.0,0.0,0.108,77827000.0,29299000.0,41751000.0,0.0,5.037,58.239,57.268,116701000.0,0.0,40.66,7.805,7.831,162905000.0,-291932000.0,158360000.0,158360000.0,34406000.0,,,,,1196000.0,42096000.0,1.0,124138502.0,124557000.0,139874000.0,1.271,1269895000.0,53748000.0,10386000.0,0.0,10.195,618714000.0
48,ILMN,MRQ,2009-06-30,2009-06-28,2009-06-28,2021-08-06,2837000.0,1477168000.0,,981759000.0,495409000.0,,7.609,-14022000.0,352097000.0,352097000.0,50485000.0,24688000.0,2.422,0.572,279703000.0,279703000.0,0.0,279703000.0,0.0,7778000.0,0.0,0.0,0.0,40736000.0,48514000.0,0.3,48514000.0,40736000.0,35023000.0,0.2,0.18,0.2,939740000.0,,939740000.0,4618458390.0,35.0,28.455,25347000.0,0.205,1.0,111158000.0,0.688,273539000.0,5713000.0,725938000.0,,70666000.0,438222000.0,382472000.0,55750000.0,537428000.0,405297000.0,132131000.0,4694813390.0,951000.0,0.0,13433000.0,0.0,0.0,39133000.0,-73310000.0,-59288000.0,39369000.0,-4241000.0,24688000.0,24688000.0,24688000.0,0.0,0.0,0.153,75056000.0,36102000.0,41158000.0,0.0,4.996,78.887,77.878,103907000.0,0.0,38.16,7.352,7.381,154251000.0,-309010000.0,161643000.0,161643000.0,33117000.0,,,,,-10799000.0,41939000.0,1.0,123029701.0,123511000.0,139465000.0,1.309,1203629000.0,47547000.0,10335000.0,0.0,9.745,576462000.0
49,ILMN,MRQ,2009-03-31,2009-03-29,2009-03-29,2021-08-06,1872000.0,1372570000.0,,897167000.0,475403000.0,,7.024,-12569000.0,351146000.0,351146000.0,55692000.0,18811000.0,2.341,0.605,274791000.0,274791000.0,0.0,274791000.0,0.0,7274000.0,0.0,0.0,0.0,35035000.0,42309000.0,0.255,42309000.0,35035000.0,29351000.0,0.15,0.14,0.15,855135000.0,,855135000.0,4579493508.0,41.0,32.57,38179000.0,0.314,1.0,110065000.0,0.664,274802000.0,5684000.0,638101000.0,,69182000.0,377344000.0,321444000.0,55900000.0,517435000.0,383312000.0,134123000.0,4506518508.0,24122000.0,0.0,17813000.0,-10000000.0,0.0,7813000.0,-39818000.0,-27249000.0,50748000.0,5379000.0,18811000.0,18811000.0,18811000.0,0.0,0.0,0.113,75557000.0,34508000.0,36591000.0,0.0,5.27,94.906,93.05,96552000.0,0.0,37.22,7.302,7.343,134629000.0,-333698000.0,165757000.0,165757000.0,32726000.0,,,,,14860000.0,42831000.0,1.0,121077875.0,121746000.0,132967000.0,1.361,1097768000.0,32655000.0,10540000.0,0.0,9.017,513855000.0
50,ILMN,MRQ,2008-12-31,2008-12-28,2008-12-28,2021-08-06,2422000.0,1327171000.0,,869561000.0,457610000.0,,6.523,-14554000.0,327024000.0,327024000.0,69161000.0,26092000.0,2.25,0.662,276889000.0,276889000.0,0.0,276889000.0,0.0,7732000.0,0.0,0.0,0.0,57190000.0,64922000.0,0.403,64922000.0,57190000.0,34980000.0,0.22,0.2,0.22,798667000.0,,798667000.0,3183372125.0,34.0,25.961,35563000.0,0.29,1.0,91766000.0,0.57,261207000.0,22210000.0,629381000.0,,73431000.0,368951000.0,313051000.0,55900000.0,528504000.0,386448000.0,142056000.0,3138004125.0,-28195000.0,0.0,-67915000.0,0.0,0.0,-49414000.0,-31222000.0,-16668000.0,50117000.0,2324000.0,26092000.0,26092000.0,26092000.0,0.0,0.0,0.162,55690000.0,36076000.0,29204000.0,0.0,3.929,79.612,74.588,89436000.0,0.0,25.36,5.474,5.17,133266000.0,-352507000.0,160927000.0,160927000.0,28338000.0,,,,,-6683000.0,39206000.0,1.0,123738333.0,122447000.0,131303000.0,1.314,1065964000.0,54877000.0,8888000.0,0.0,8.706,483113000.0
51,ILMN,MRQ,2008-09-30,2008-09-28,2008-09-28,2021-08-06,0.0,1361322000.0,,875226000.0,486096000.0,,7.124,-15316000.0,355219000.0,355219000.0,54430000.0,-10078000.0,1.781,0.596,400587000.0,400127000.0,460000.0,400587000.0,0.0,7177000.0,0.0,0.0,0.0,-614000.0,6563000.0,0.044,6563000.0,-614000.0,-614000.0,-0.08,-0.08,-0.08,852993000.0,,852993000.0,5114487726.0,402.0,139.629,11981000.0,0.1,1.0,95830000.0,0.638,279033000.0,0.0,636310000.0,,72953000.0,345995000.0,294428000.0,51567000.0,508329000.0,491347000.0,16982000.0,4847455726.0,222251000.0,-24666000.0,356935000.0,1000.0,0.0,356936000.0,-164520000.0,-124538000.0,27297000.0,2538000.0,-10078000.0,-10078000.0,-10078000.0,0.0,0.0,-0.067,94294000.0,1536000.0,91220000.0,0.0,5.683,14689.26,1413.333,82198000.0,0.0,42.4,9.235,9.672,124161000.0,,150260000.0,150260000.0,27567000.0,,,,,12739000.0,39365000.0,1.0,114326786.0,119733000.0,119733000.0,1.255,1082289000.0,81405000.0,9464000.0,0.0,9.039,383879000.0
52,ILMN,MRQ,2008-06-30,2008-06-29,2008-06-29,2021-08-06,0.0,992685000.0,,506656000.0,486029000.0,,4.33,-22860000.0,132968000.0,132968000.0,50459000.0,12659000.0,1.042,1.019,400000000.0,400000000.0,0.0,400000000.0,0.0,6622000.0,0.0,0.0,0.0,20189000.0,26811000.0,0.191,26811000.0,20189000.0,20189000.0,0.11,0.09,0.11,491752000.0,,491752000.0,5178425666.0,157.0,97.394,14363000.0,0.126,1.0,89718000.0,0.64,281745000.0,0.0,491924000.0,,67972000.0,223132000.0,170307000.0,52825000.0,500933000.0,486048000.0,14885000.0,4897033666.0,14354000.0,0.0,14178000.0,-7000.0,0.0,14171000.0,-37384000.0,-14524000.0,37223000.0,344000.0,12659000.0,12659000.0,12659000.0,0.0,0.0,0.09,65847000.0,23871000.0,86048000.0,0.0,9.958,196.581,180.812,72125000.0,0.0,43.395,10.372,10.438,101985000.0,,140177000.0,140177000.0,23493000.0,,,,,12274000.0,35616000.0,1.0,112847878.0,113574000.0,133396000.0,1.234,710940000.0,90987000.0,7530000.0,0.0,6.26,20608000.0
53,ILMN,MRQ,2008-03-31,2008-03-30,2008-03-30,2021-08-06,0.0,935752000.0,,464662000.0,471090000.0,,4.04,-42963000.0,118614000.0,118614000.0,46081000.0,10743000.0,0.99,1.074,400006000.0,400006000.0,0.0,400006000.0,0.0,6192000.0,0.0,0.0,0.0,18974000.0,25166000.0,0.207,25166000.0,18974000.0,18131000.0,0.1,0.08,0.1,451089000.0,,451089000.0,4352071398.0,159.0,97.841,-69718000.0,-0.624,1.0,75780000.0,0.622,284424000.0,843000.0,463196000.0,,54817000.0,210184000.0,156688000.0,53496000.0,484663000.0,469524000.0,15139000.0,4126996398.0,-56327000.0,0.0,15988000.0,-9000.0,0.0,15979000.0,-44123000.0,-1160000.0,-26755000.0,-1428000.0,10743000.0,10743000.0,10743000.0,0.0,0.0,0.088,56806000.0,18974000.0,69518000.0,0.0,9.149,191.811,172.791,55035000.0,0.0,37.15,9.908,9.96,91412000.0,,121861000.0,121861000.0,20564000.0,,,,,10857000.0,33827000.0,1.0,111090078.0,111668000.0,127528000.0,1.091,651328000.0,99206000.0,7388000.0,0.0,5.833,-4862000.0
54,ILMN,MRQ,2007-12-31,2007-12-30,2007-12-30,2021-08-06,1347000.0,987732000.0,,562755000.0,424977000.0,,3.737,-9084000.0,174941000.0,174941000.0,40097000.0,-12994000.0,3.396,1.399,400016000.0,16000.0,400000000.0,400016000.0,0.0,3913000.0,0.0,0.0,0.0,-25824000.0,-21911000.0,-0.195,-21911000.0,-25824000.0,-44121000.0,-0.1,-0.1,-0.1,411678000.0,,411678000.0,3622864135.0,-13.0,-13.352,2769000.0,0.025,1.0,72508000.0,0.644,286850000.0,18297000.0,760242000.0,,53980000.0,211141000.0,211141000.0,0.0,576054000.0,165715000.0,410339000.0,3286946135.0,110834000.0,-8000.0,10368000.0,-10000.0,0.0,30444000.0,68382000.0,77474000.0,11853000.0,155000.0,-12994000.0,-12994000.0,-12994000.0,0.0,0.0,-0.115,105267000.0,-32759000.0,114847000.0,0.0,7.984,-11.441,-11.338,46274000.0,0.0,30.045,8.961,8.872,83119000.0,-382977000.0,112605000.0,112605000.0,20050000.0,,,,,-10470000.0,30019000.0,1.0,109400770.0,110150000.0,110150000.0,1.022,700882000.0,107179000.0,-31127000.0,0.0,6.363,397040000.0
55,ILMN,MRQ,2007-09-30,2007-09-30,2007-09-30,2021-08-06,0.0,810209000.0,,486931000.0,323278000.0,,2.957,-5417000.0,64107000.0,64107000.0,37078000.0,14503000.0,6.162,1.522,400025000.0,25000.0,400000000.0,400025000.0,0.0,3416000.0,0.0,0.0,0.0,19688000.0,23104000.0,0.237,23104000.0,19688000.0,19688000.0,0.13,0.12,0.13,321258000.0,,321258000.0,3117995019.0,-13.0,-13.611,-102000.0,-0.001,1.0,60432000.0,0.62,271860000.0,0.0,795246000.0,,45245000.0,288745000.0,288745000.0,0.0,488951000.0,79021000.0,409930000.0,2799070019.0,-17010000.0,-449000.0,10476000.0,-43000.0,0.0,10433000.0,-32144000.0,-26278000.0,5315000.0,-614000.0,14503000.0,14503000.0,14503000.0,0.0,0.0,0.149,44722000.0,15710000.0,78996000.0,0.0,8.713,-10.884,-10.876,39330000.0,0.0,25.94,8.896,8.957,79886000.0,,97510000.0,97510000.0,19753000.0,,,,,8667000.0,24307000.0,1.0,107905552.0,108636000.0,118790000.0,0.898,538349000.0,0.0,5185000.0,0.0,4.956,407910000.0
56,ILMN,MRQ,2007-06-30,2007-07-01,2007-07-01,2021-08-06,0.0,773574000.0,,452186000.0,321388000.0,,2.667,-6646000.0,81117000.0,81117000.0,30141000.0,9264000.0,5.903,1.697,400042000.0,42000.0,400000000.0,400042000.0,0.0,3528000.0,0.0,0.0,0.0,14594000.0,18122000.0,0.214,18122000.0,14594000.0,14594000.0,0.085,0.08,0.085,286835000.0,,286835000.0,2452403178.0,-10.0,-10.513,17837000.0,0.166,1.0,54394000.0,0.643,272074000.0,0.0,743818000.0,,42898000.0,262145000.0,262145000.0,0.0,486739000.0,76607000.0,410132000.0,2175859178.0,-42412000.0,-4213000.0,95386000.0,-481000.0,0.0,2465000.0,-69514000.0,-58655000.0,24483000.0,154000.0,9264000.0,9264000.0,9264000.0,0.0,0.0,0.11,42143000.0,12251000.0,76565000.0,0.0,7.586,-8.516,-8.673,36683000.0,0.0,20.295,8.041,8.067,57441000.0,,84535000.0,84535000.0,18184000.0,,,,,7785000.0,23297000.0,1.0,107211588.0,107556000.0,116122000.0,0.786,501500000.0,0.0,5330000.0,0.0,4.663,375579000.0
57,ILMN,MRQ,2007-03-31,2007-04-01,2007-04-01,2021-08-06,0.0,742837000.0,,424536000.0,318301000.0,,2.489,-3239000.0,123529000.0,123529000.0,25120000.0,-298076000.0,6.362,1.793,400073000.0,67000.0,400006000.0,400073000.0,0.0,3036000.0,0.0,0.0,0.0,-293679000.0,-290643000.0,-4.028,-290643000.0,-293679000.0,-293679000.0,-2.79,-2.79,-2.79,265960000.0,,265960000.0,1721120552.0,-7.0,-7.096,11404000.0,0.107,1.0,47030000.0,0.652,272501000.0,0.0,680152000.0,,36340000.0,203292000.0,203292000.0,0.0,476877000.0,66728000.0,410149000.0,1759443552.0,85143000.0,76745000.0,-239158000.0,390708000.0,0.0,104950000.0,-34410000.0,-107916000.0,14643000.0,-40000.0,-298076000.0,-298076000.0,-298076000.0,0.0,0.0,-4.131,343431000.0,-296401000.0,66661000.0,0.0,6.615,-6.819,-6.247,32807000.0,0.0,14.65,7.729,6.876,53127000.0,,72150000.0,72150000.0,15956000.0,,,,,7678000.0,23633000.0,1.0,120098536.0,106844000.0,106844000.0,0.675,470336000.0,0.0,4397000.0,0.0,4.402,357808000.0
58,ILMN,MRQ,2006-12-31,2006-12-31,2006-12-31,2021-08-06,11294000.0,300584000.0,,193726000.0,106858000.0,,2.648,-1722000.0,38386000.0,38386000.0,20119000.0,17142000.0,5.736,0.215,63000.0,63000.0,0.0,63000.0,0.0,1814000.0,0.0,0.0,0.0,18524000.0,20338000.0,0.337,20338000.0,18524000.0,17964000.0,0.19,0.17,0.19,247342000.0,,247342000.0,1784151898.0,41.0,36.254,7059000.0,0.076,1.0,40316000.0,0.667,2233000.0,560000.0,226252000.0,,20169000.0,160202000.0,92418000.0,67784000.0,53242000.0,33776000.0,19466000.0,1828223898.0,-5780000.0,-50000000.0,2380000.0,-31000.0,0.0,3788000.0,-18369000.0,33353000.0,8781000.0,20000.0,17142000.0,17142000.0,17142000.0,0.0,0.0,0.284,23740000.0,16576000.0,9853000.0,0.0,7.391,45.742,43.678,25634000.0,0.0,19.655,9.904,9.477,39984000.0,-104618000.0,60435000.0,60435000.0,8826000.0,,,,,2653000.0,14914000.0,1.0,93015716.0,93412000.0,102008000.0,0.647,298351000.0,553000.0,822000.0,6987000.0,3.194,159950000.0
59,ILMN,MRQ,2006-09-30,2006-10-01,2006-10-01,2021-08-06,0.0,256477000.0,,220903000.0,35574000.0,,2.28,-4328000.0,44166000.0,44166000.0,16356000.0,16162000.0,6.603,0.215,94000.0,94000.0,0.0,94000.0,0.0,1659000.0,0.0,0.0,0.0,17250000.0,18909000.0,0.354,18909000.0,17250000.0,17250000.0,0.175,0.16,0.175,211074000.0,,211074000.0,1366135162.0,53.0,43.977,8628000.0,0.093,1.0,37116000.0,0.694,10186000.0,0.0,168763000.0,,19397000.0,125776000.0,125776000.0,0.0,45403000.0,33456000.0,11947000.0,1518271162.0,-108084000.0,0.0,4498000.0,-20000.0,0.0,4478000.0,-125637000.0,-121309000.0,12956000.0,119000.0,16162000.0,16162000.0,16162000.0,0.0,0.0,0.302,21862000.0,15254000.0,33362000.0,0.0,7.193,65.578,63.538,25388000.0,0.0,16.52,10.317,10.393,29045000.0,,53472000.0,53472000.0,7744000.0,,,,,3754000.0,14118000.0,1.0,91905034.0,92586000.0,101158000.0,0.578,246291000.0,0.0,1088000.0,0.0,2.66,187447000.0
60,ILMN,MRQ,2006-06-30,2006-07-02,2006-07-02,2021-08-06,0.0,230951000.0,,199338000.0,31613000.0,,2.144,-4972000.0,152250000.0,152250000.0,13576000.0,6768000.0,5.716,0.237,114000.0,114000.0,0.0,114000.0,0.0,1459000.0,0.0,0.0,0.0,7379000.0,8838000.0,0.213,8838000.0,7379000.0,7379000.0,0.08,0.07,0.08,186668000.0,,186668000.0,1187964986.0,169.0,101.112,9931000.0,0.114,1.0,28001000.0,0.673,8885000.0,0.0,35059000.0,,17324000.0,4511000.0,4511000.0,0.0,44283000.0,34871000.0,9412000.0,1236865986.0,103206000.0,0.0,97957000.0,-29000.0,0.0,97928000.0,-9501000.0,-4529000.0,14903000.0,-124000.0,6768000.0,6768000.0,6768000.0,0.0,0.0,0.163,21478000.0,6523000.0,34757000.0,0.0,6.626,222.298,211.857,22728000.0,0.0,14.83,10.926,11.404,23100000.0,,41577000.0,41577000.0,8587000.0,,,,,3327000.0,12891000.0,1.0,83402966.0,87056000.0,94660000.0,0.478,222066000.0,0.0,611000.0,0.0,2.551,164467000.0
61,ILMN,MRQ,2006-03-31,2006-04-02,2006-04-02,2021-08-06,0.0,112526000.0,,84589000.0,27937000.0,,0.949,-4192000.0,49044000.0,49044000.0,9293000.0,-104000.0,3.425,0.429,143000.0,118000.0,25000.0,143000.0,0.0,1100000.0,0.0,0.0,0.0,27000.0,1127000.0,0.039,1127000.0,27000.0,27000.0,0.0,0.0,0.0,78722000.0,,78722000.0,929496160.0,-49.0,-63.149,-1832000.0,-0.022,1.0,19809000.0,0.681,8722000.0,0.0,30206000.0,,12926000.0,0.0,0.0,0.0,33804000.0,24697000.0,9107000.0,980146160.0,-1778000.0,0.0,3131000.0,-29000.0,0.0,3102000.0,-7228000.0,-3036000.0,2360000.0,-12000.0,-104000.0,-104000.0,-104000.0,0.0,0.0,-0.004,20350000.0,-541000.0,24579000.0,,12.451,-49.645,-49.479,19215000.0,0.0,11.875,11.207,11.263,21427000.0,,29102000.0,29102000.0,8216000.0,,,,,3131000.0,12134000.0,1.0,82538624.0,82950000.0,82950000.0,0.351,103804000.0,0.0,131000.0,0.0,1.251,59892000.0
62,ILMN,MRQ,2005-12-31,2006-01-01,2006-01-01,2021-08-06,258000.0,100610000.0,,79710000.0,20900000.0,,0.88,-2529000.0,50822000.0,50822000.0,7249000.0,326000.0,3.67,0.388,172000.0,118000.0,54000.0,172000.0,0.0,1195000.0,0.0,0.0,0.0,996000.0,2191000.0,0.095,2191000.0,996000.0,328000.0,0.005,0.005,0.005,72497000.0,,72497000.0,530042126.0,-26.0,-32.68,-449000.0,-0.005,1.0,15764000.0,0.685,4769000.0,668000.0,23473000.0,,10309000.0,0.0,0.0,0.0,28113000.0,21718000.0,6395000.0,580214126.0,650000.0,0.0,994000.0,-29000.0,0.0,965000.0,-2529000.0,0.0,2080000.0,134000.0,326000.0,326000.0,326000.0,0.0,0.0,0.014,15748000.0,16000.0,7390000.0,0.0,8.003,-27.796,-27.115,16131000.0,0.0,7.05,7.894,7.702,17620000.0,-144586000.0,23013000.0,23013000.0,7520000.0,,,,,55000.0,8228000.0,1.0,82299876.0,82340000.0,82340000.0,0.279,95841000.0,0.0,2000.0,0.0,1.164,57992000.0
63,ILMN,MRQ,2005-09-30,2005-10-02,2005-10-02,2021-08-06,0.0,97026000.0,,76323000.0,20703000.0,,0.869,-2634000.0,50172000.0,50172000.0,6599000.0,-1426000.0,3.866,0.365,0.0,0.0,0.0,0.0,0.0,960000.0,0.0,0.0,0.0,-1367000.0,-407000.0,-0.021,-407000.0,-1367000.0,-1367000.0,-0.015,-0.015,-0.015,71104000.0,,71104000.0,464938234.0,-29.0,-36.621,-6528000.0,-0.08,1.0,12917000.0,0.662,5361000.0,0.0,21751000.0,,7162000.0,0.0,0.0,0.0,25922000.0,19742000.0,6180000.0,519504234.0,-4394000.0,0.0,2117000.0,-27000.0,0.0,2090000.0,-2634000.0,0.0,-3894000.0,44000.0,-1426000.0,-1426000.0,-1426000.0,0.0,0.0,-0.073,14455000.0,-1538000.0,19742000.0,0.0,7.306,-28.937,-30.5,15342000.0,0.0,6.405,7.959,8.029,17607000.0,,19516000.0,19516000.0,7078000.0,,,,,117000.0,7377000.0,1.0,81109170.0,81820000.0,81820000.0,0.239,91665000.0,0.0,59000.0,0.0,1.12,56581000.0
64,ILMN,MRQ,2005-06-30,2005-07-03,2005-07-03,2021-08-06,0.0,91259000.0,,72938000.0,18321000.0,,0.875,-3172000.0,54566000.0,54566000.0,4734000.0,-18539000.0,4.841,0.298,0.0,0.0,0.0,0.0,0.0,858000.0,0.0,0.0,0.0,-18488000.0,-17630000.0,-1.114,-17630000.0,-18488000.0,-18488000.0,-0.23,-0.23,-0.23,70289000.0,,70289000.0,421751650.0,-25.0,-31.613,-7041000.0,-0.088,1.0,11090000.0,0.701,4748000.0,0.0,16878000.0,,5157000.0,0.0,0.0,0.0,20970000.0,15067000.0,5903000.0,474704650.0,1613000.0,-2388000.0,1651000.0,-27000.0,0.0,1624000.0,3555000.0,9115000.0,-3869000.0,303000.0,-18539000.0,-18539000.0,-18539000.0,0.0,0.0,-1.172,29636000.0,-18546000.0,15067000.0,0.0,6.754,-25.586,-27.955,13573000.0,0.0,6.15,8.01,8.34,12192000.0,,15824000.0,15824000.0,7318000.0,,,,,41000.0,6518000.0,1.0,77187748.0,80374000.0,80374000.0,0.197,86511000.0,0.0,51000.0,0.0,1.076,57871000.0
65,ILMN,MRQ,2005-03-31,2005-04-03,2005-04-03,2021-08-06,0.0,93780000.0,,80413000.0,13367000.0,,0.944,-3060000.0,52953000.0,52953000.0,4599000.0,-1235000.0,5.16,0.295,0.0,0.0,0.0,0.0,0.0,811000.0,0.0,0.0,0.0,-1184000.0,-373000.0,-0.025,-373000.0,-1184000.0,-1184000.0,-0.015,-0.015,-0.015,72422000.0,,72422000.0,240672394.0,-132.0,128.84,-6385000.0,-0.083,1.0,10549000.0,0.696,2536000.0,0.0,22706000.0,,4979000.0,9108000.0,9108000.0,0.0,21358000.0,15585000.0,5773000.0,307666394.0,-1836000.0,0.0,1284000.0,0.0,0.0,1284000.0,73000.0,3133000.0,-3325000.0,132000.0,-1235000.0,-1235000.0,-1235000.0,0.0,0.0,-0.082,11928000.0,-1379000.0,15585000.0,0.0,4.248,-87.158,-100.875,10831000.0,0.0,4.035,5.601,5.634,11755000.0,,15148000.0,15148000.0,5893000.0,,,,,57000.0,6035000.0,1.0,76249416.0,76694000.0,76694000.0,0.198,91244000.0,0.0,51000.0,0.0,1.19,64828000.0
66,ILMN,MRQ,2004-12-31,2005-01-02,2005-01-02,2021-08-06,96000.0,94907000.0,,83691000.0,11216000.0,,0.935,-1400000.0,66994000.0,66994000.0,3874000.0,3247000.0,4.394,0.313,0.0,0.0,0.0,0.0,0.0,814000.0,0.0,0.0,0.0,4900000.0,5714000.0,0.387,5714000.0,4900000.0,3382000.0,0.05,0.05,0.05,72262000.0,,72262000.0,294462614.0,-64.0,-478.024,460000.0,0.006,1.0,10909000.0,0.738,2642000.0,1518000.0,6223000.0,,3807000.0,0.0,0.0,0.0,22645000.0,19048000.0,3597000.0,360968614.0,467000.0,0.0,123000.0,-2000.0,0.0,121000.0,-1435000.0,0.0,1860000.0,-79000.0,3247000.0,3247000.0,3247000.0,0.0,0.0,0.22,7889000.0,3020000.0,2684000.0,0.0,4.995,-57.987,-55.765,8574000.0,0.0,4.74,7.136,6.718,11891000.0,-123712000.0,14783000.0,14783000.0,5610000.0,,,,,109000.0,6282000.0,1.0,76153716.0,77324000.0,77324000.0,0.191,92265000.0,0.0,135000.0,0.0,1.193,64643000.0
67,ILMN,MRQ,2004-09-30,2004-10-03,2004-10-03,2021-08-06,0.0,92072000.0,,81520000.0,10552000.0,,0.914,40158000.0,66506000.0,66506000.0,3517000.0,-2026000.0,4.109,0.34,0.0,0.0,0.0,0.0,0.0,974000.0,0.0,0.0,0.0,-2026000.0,-1052000.0,-0.078,-1052000.0,-2026000.0,-2026000.0,-0.025,-0.025,-0.025,68729000.0,,68729000.0,192727743.0,-17.0,-26.887,24582000.0,0.327,1.0,9995000.0,0.74,2682000.0,0.0,3044000.0,,3183000.0,0.0,0.0,0.0,23343000.0,19840000.0,3503000.0,233726743.0,312000.0,0.0,893000.0,-25179000.0,0.0,-24286000.0,40158000.0,0.0,-15576000.0,16000.0,-2026000.0,-2026000.0,-2026000.0,0.0,0.0,-0.15,11775000.0,-1780000.0,10615000.0,0.0,3.401,-17.348,-15.475,7870000.0,0.0,3.095,5.022,5.003,9486000.0,,13512000.0,13512000.0,5356000.0,,,,,167000.0,7563000.0,1.0,75517526.0,75228000.0,75228000.0,0.18,89390000.0,0.0,0.0,0.0,1.188,61680000.0
68,ILMN,MRQ,2004-06-30,2004-06-27,2004-06-27,2021-08-06,0.0,125301000.0,,79268000.0,46033000.0,,0.997,-719000.0,66179000.0,66179000.0,3067000.0,-3516000.0,3.859,0.798,25180000.0,388000.0,24792000.0,25180000.0,0.0,1095000.0,0.0,0.0,0.0,-3516000.0,-2421000.0,-0.211,-2421000.0,-3516000.0,-3516000.0,-0.05,-0.05,-0.05,69701000.0,,69701000.0,230545776.0,-16.0,-22.338,-1867000.0,-0.027,1.0,8419000.0,0.733,904000.0,0.0,62855000.0,,2770000.0,0.0,0.0,0.0,55600000.0,20543000.0,35057000.0,213950776.0,45270000.0,0.0,28804000.0,-255000.0,0.0,28549000.0,17768000.0,18487000.0,-1148000.0,101000.0,-3516000.0,-3516000.0,-3516000.0,0.0,0.0,-0.306,11752000.0,-3333000.0,11119000.0,0.0,3.07,-12.617,-12.404,45129000.0,0.0,3.225,5.183,5.463,9933000.0,,11486000.0,11486000.0,5320000.0,,,,,250000.0,5993000.0,1.0,66341326.0,69920000.0,69920000.0,0.164,124397000.0,0.0,0.0,0.0,1.779,58725000.0
69,ILMN,MRQ,2004-03-31,2004-03-28,2004-03-28,2021-08-06,0.0,98223000.0,,39663000.0,58560000.0,,0.687,-727000.0,8840000.0,8840000.0,2802000.0,-3931000.0,4.062,1.196,25435000.0,542000.0,24893000.0,25435000.0,0.0,1073000.0,0.0,0.0,0.0,-3931000.0,-2858000.0,-0.265,-2858000.0,-3931000.0,-3931000.0,-0.06,-0.06,-0.06,44718000.0,,44718000.0,240395614.0,-12.0,-15.782,-5437000.0,-0.084,1.0,8001000.0,0.741,941000.0,0.0,104112000.0,,2150000.0,31195000.0,19049000.0,12146000.0,53505000.0,9765000.0,43740000.0,227342614.0,-3725000.0,0.0,674000.0,-183000.0,0.0,491000.0,531000.0,1258000.0,-4710000.0,-37000.0,-3931000.0,-3931000.0,-3931000.0,0.0,0.0,-0.364,11421000.0,-3420000.0,9223000.0,0.0,5.084,-10.318,-10.014,45473000.0,0.0,3.455,6.578,6.508,8877000.0,,10803000.0,10803000.0,5176000.0,,,,,318000.0,5738000.0,1.0,65801046.0,65098000.0,65098000.0,0.166,97282000.0,0.0,0.0,0.0,1.494,29898000.0
70,ILMN,MRQ,2003-12-31,2003-12-28,2003-12-28,2021-08-06,335000.0,99234000.0,,40418000.0,58816000.0,,0.735,-289000.0,12565000.0,12565000.0,3420000.0,-4000000.0,4.936,1.094,25618000.0,619000.0,24999000.0,25618000.0,0.0,1140000.0,0.0,0.0,0.0,-1977000.0,-837000.0,-0.078,-837000.0,-1977000.0,-4000000.0,-0.065,-0.065,-0.065,47388000.0,,47388000.0,233719362.0,-9.0,-11.538,-5749000.0,-0.089,1.0,7321000.0,0.682,848000.0,2023000.0,103250000.0,,2022000.0,32508000.0,20317000.0,12191000.0,51846000.0,8189000.0,43657000.0,230279362.0,2476000.0,0.0,105000.0,-172000.0,0.0,-67000.0,8003000.0,8292000.0,-5460000.0,0.0,-4000000.0,-4000000.0,-4000000.0,0.0,0.0,-0.372,11119000.0,-3798000.0,2030000.0,0.0,4.859,-8.509,-8.247,45777000.0,0.0,3.505,8.214,7.983,4549000.0,-117487000.0,10741000.0,10741000.0,5453000.0,,,,,394000.0,5083000.0,1.0,65700246.0,64516000.0,64516000.0,0.166,98386000.0,0.0,0.0,0.0,1.525,32229000.0
71,ILMN,MRQ,2003-09-30,2003-09-28,2003-09-28,2021-08-06,0.0,106276000.0,,58513000.0,47763000.0,,0.796,-545000.0,22349000.0,22349000.0,2681000.0,-5511000.0,2.907,1.081,25789000.0,699000.0,25090000.0,25789000.0,10000000.0,1137000.0,0.0,0.0,0.0,-5342000.0,-4205000.0,-0.51,-4205000.0,-5342000.0,-5511000.0,-0.085,-0.085,-0.085,51059000.0,,51059000.0,175387687.0,-6.0,-6.95,-1209000.0,-0.019,1.0,5568000.0,0.675,1020000.0,169000.0,88569000.0,,2646000.0,28859000.0,28859000.0,0.0,55217000.0,20127000.0,35090000.0,168323687.0,3523000.0,0.0,403000.0,-167000.0,0.0,236000.0,3951000.0,4496000.0,-664000.0,0.0,-5511000.0,-5511000.0,-5511000.0,0.0,0.0,-0.668,10910000.0,-5342000.0,10959000.0,0.0,3.297,-5.487,-5.309,46743000.0,0.0,2.575,7.947,7.794,3825000.0,,8249000.0,8249000.0,5114000.0,,,,,511000.0,5096000.0,1.0,65368422.0,64110000.0,64110000.0,0.129,105256000.0,0.0,0.0,0.0,1.642,38386000.0
72,ILMN,MRQ,2003-06-30,2003-06-29,2003-06-29,2021-08-06,0.0,106537000.0,,58319000.0,48218000.0,,0.879,-328000.0,18894000.0,18894000.0,2026000.0,-8592000.0,3.832,0.906,25958000.0,778000.0,25180000.0,25958000.0,10000000.0,1160000.0,0.0,0.0,0.0,-8492000.0,-7332000.0,-1.537,-7332000.0,-8492000.0,-8592000.0,-0.135,-0.135,-0.135,55902000.0,,55902000.0,102421335.0,-3.0,-3.811,-7483000.0,-0.118,1.0,2743000.0,0.575,948000.0,100000.0,97435000.0,,2534000.0,33628000.0,33628000.0,0.0,50635000.0,15218000.0,35417000.0,93817335.0,1587000.0,0.0,-3000.0,-170000.0,0.0,-173000.0,8915000.0,9243000.0,-7155000.0,0.0,-8592000.0,-8592000.0,-8592000.0,0.0,0.0,-1.802,11235000.0,-8492000.0,6160000.0,0.0,1.678,-2.863,-2.76,47270000.0,0.0,1.435,5.895,5.736,2949000.0,,4769000.0,4769000.0,6222000.0,,,,,684000.0,4140000.0,1.0,65377934.0,63616000.0,63616000.0,0.075,105589000.0,0.0,0.0,0.0,1.66,43101000.0
73,ILMN,MRQ,2003-03-31,2003-03-30,2003-03-30,2021-08-06,0.0,115219000.0,,66170000.0,49049000.0,,1.011,-870000.0,17361000.0,17361000.0,1910000.0,-8960000.0,4.226,0.804,25965000.0,692000.0,25273000.0,25965000.0,10006000.0,1108000.0,0.0,0.0,0.0,-8990000.0,-7882000.0,-1.843,-7882000.0,-8990000.0,-8960000.0,-0.14,-0.14,-0.14,63886000.0,,63886000.0,90178541.0,-2.0,-2.633,-5847000.0,-0.093,1.0,2366000.0,0.553,973000.0,-30000.0,107194000.0,,2340000.0,43024000.0,43024000.0,0.0,51333000.0,15656000.0,35677000.0,78448541.0,2842000.0,0.0,390000.0,-170000.0,0.0,220000.0,7599000.0,8485000.0,-4977000.0,0.0,-8960000.0,-8960000.0,-8960000.0,0.0,0.0,-2.095,11356000.0,-8990000.0,6723000.0,0.0,1.228,-1.931,-1.832,48076000.0,0.0,1.2,6.013,5.81,2890000.0,,4276000.0,4276000.0,5722000.0,,,,,865000.0,4580000.0,1.0,65373784.0,63168000.0,63168000.0,0.068,114246000.0,0.0,0.0,0.0,1.809,50514000.0
74,ILMN,MRQ,2002-12-31,2002-12-29,2002-12-29,2021-08-06,977000.0,121906000.0,,72819000.0,49087000.0,,1.146,-667000.0,14567000.0,14567000.0,1636000.0,-7616000.0,5.093,0.699,26297000.0,677000.0,25620000.0,26297000.0,0.0,1221000.0,0.0,0.0,0.0,-7038000.0,-5817000.0,-1.497,-5817000.0,-7038000.0,-7616000.0,-0.125,-0.125,-0.125,71744000.0,,71744000.0,126587507.0,-3.0,-3.777,-7182000.0,-0.115,1.0,2250000.0,0.579,808000.0,578000.0,118531000.0,,2299000.0,51727000.0,51727000.0,0.0,50162000.0,14297000.0,35865000.0,101661507.0,852000.0,0.0,3000.0,-155000.0,0.0,-152000.0,7519000.0,8318000.0,-6515000.0,0.0,-7616000.0,-7616000.0,-7616000.0,0.0,0.0,-1.96,10229000.0,-7979000.0,1770000.0,0.0,1.417,-2.521,-2.389,48279000.0,0.0,1.565,10.126,9.627,3253000.0,-90424000.0,3886000.0,3886000.0,6329000.0,,,,,958000.0,2750000.0,1.0,64980190.0,62608000.0,62608000.0,0.062,121098000.0,0.0,0.0,0.0,1.934,58522000.0
75,ILMN,MRQ,2002-09-30,2002-09-29,2002-09-29,2021-08-06,0.0,128465000.0,,78899000.0,49566000.0,,1.266,-619000.0,1185000.0,1185000.0,965000.0,-7602000.0,5.749,0.632,26111000.0,660000.0,25451000.0,26111000.0,10021000.0,1182000.0,0.0,0.0,0.0,-7026000.0,-5844000.0,-1.958,-5844000.0,-7026000.0,-7602000.0,-0.12,-0.12,-0.12,78695000.0,,78695000.0,135264964.0,-4.0,-3.903,-6058000.0,-0.097,1.0,2020000.0,0.677,691000.0,576000.0,138977000.0,,1609000.0,72539000.0,72539000.0,0.0,49770000.0,13723000.0,36047000.0,109794964.0,480000.0,0.0,293000.0,-150000.0,0.0,143000.0,5776000.0,6507000.0,-5439000.0,0.0,-7602000.0,-7602000.0,-7602000.0,0.0,0.0,-2.547,10036000.0,-8016000.0,5203000.0,0.0,1.395,-2.682,-2.549,48875000.0,0.0,1.695,15.878,15.232,3048000.0,,2985000.0,2985000.0,6405000.0,,,,,1045000.0,2426000.0,1.0,64775790.0,62142000.0,62142000.0,0.048,127774000.0,0.0,0.0,0.0,2.056,65176000.0
76,ILMN,MRQ,2002-06-30,2002-06-30,2002-06-30,2021-08-06,0.0,133614000.0,,83619000.0,49995000.0,,1.378,-1240000.0,705000.0,705000.0,596000.0,-16447000.0,6.591,0.578,26175000.0,642000.0,25533000.0,26175000.0,10047000.0,1169000.0,0.0,0.0,0.0,-15872000.0,-14703000.0,-7.738,-14703000.0,-15872000.0,-16447000.0,-0.27,-0.27,-0.27,84689000.0,,84689000.0,233068412.0,-6.0,-6.812,-8280000.0,-0.135,1.0,1304000.0,0.686,582000.0,575000.0,145816000.0,,1296000.0,79378000.0,79378000.0,0.0,48925000.0,12686000.0,36239000.0,217241412.0,-9712000.0,0.0,13000.0,-152000.0,0.0,-139000.0,-2533000.0,-1243000.0,-7040000.0,0.0,-16447000.0,-16447000.0,-16447000.0,0.0,0.0,-8.656,18136000.0,-16832000.0,4344000.0,0.0,2.565,-5.552,-5.25,49413000.0,0.0,3.36,47.002,44.68,2064000.0,,1900000.0,1900000.0,7023000.0,,,,,1132000.0,2281000.0,1.0,64655182.0,61462000.0,61462000.0,0.031,133032000.0,0.0,0.0,0.0,2.164,70933000.0
77,ILMN,MRQ,2002-03-31,2002-03-31,2002-03-31,2021-08-06,0.0,140552000.0,,90647000.0,49905000.0,,1.627,-24304000.0,10417000.0,10417000.0,339000.0,-8667000.0,18.541,0.418,26244000.0,625000.0,25619000.0,26244000.0,10173000.0,959000.0,0.0,0.0,0.0,-8115000.0,-7156000.0,-5.639,-7156000.0,-8115000.0,-8667000.0,-0.14,-0.14,-0.14,99131000.0,,99131000.0,299175005.0,-11.0,-11.93,-30903000.0,-0.507,1.0,930000.0,0.733,588000.0,552000.0,150902000.0,,1080000.0,77363000.0,77363000.0,0.0,41421000.0,4889000.0,36532000.0,305745005.0,6252000.0,0.0,387000.0,25867000.0,0.0,26254000.0,-13403000.0,11401000.0,-6599000.0,0.0,-8667000.0,-8667000.0,-8667000.0,0.0,0.0,-6.83,9959000.0,-9029000.0,4264000.0,0.0,3.084,-10.701,-10.064,49317000.0,0.0,4.73,95.785,90.258,1525000.0,,1269000.0,1269000.0,7092000.0,,,,,1225000.0,1642000.0,1.0,64639536.0,60910000.0,60910000.0,0.021,139964000.0,0.0,0.0,0.0,2.298,85758000.0
78,ILMN,MRQ,2001-12-31,2001-12-30,2001-12-30,2021-08-06,749000.0,122465000.0,,96260000.0,26205000.0,,1.77,-3566000.0,7457000.0,7457000.0,273000.0,-8227000.0,20.021,0.147,887000.0,297000.0,590000.0,887000.0,10048000.0,573000.0,0.0,0.0,0.0,-7525000.0,-6952000.0,-9.135,-6952000.0,-7525000.0,-8227000.0,-0.135,-0.135,-0.135,106791000.0,,106791000.0,365481685.0,-15.0,-16.138,-6565000.0,-0.109,1.0,488000.0,0.641,0.0,702000.0,111087000.0,,971000.0,86329000.0,86329000.0,0.0,15674000.0,4808000.0,10866000.0,368270028.0,423000.0,0.0,11000.0,-68000.0,0.0,-57000.0,3479000.0,7045000.0,-2999000.0,0.0,-8227000.0,-8227000.0,-8227000.0,0.0,0.0,-10.811,9420000.0,-8932000.0,1975000.0,0.0,3.449,-14.836,-13.771,25972000.0,0.0,5.715,148.138,136.774,1266000.0,-50093000.0,761000.0,761000.0,6126000.0,,,,,1324000.0,1970000.0,1.0,64439200.0,60348000.0,60348000.0,0.013,122465000.0,0.0,0.0,0.0,2.029,91452000.0
79,ILMN,MRQ,2001-09-30,2001-09-30,2001-09-30,2021-08-06,0.0,127544885.0,,105009015.0,22535870.0,,1.898,-5460000.0,3743359.0,3743359.0,202000.0,-5785000.0,32.746,0.123,955016.0,287230.0,667786.0,955016.0,10062500.0,382000.0,0.0,0.0,0.0,-5785000.0,-5403000.0,-7.808,-5403000.0,-5785000.0,-5785000.0,-0.095,-0.095,-0.095,113607809.0,,113607809.0,198596174.0,-9.0,-9.901,-10117000.0,-0.169,1.0,490000.0,0.708,422020.0,0.0,121127732.0,,0.0,96750440.0,96750440.0,0.0,13937076.0,3206790.0,10730286.0,208998387.0,-7681000.0,0.0,400000.0,-67000.0,0.0,333000.0,-3357000.0,2103000.0,-4657000.0,0.0,-5785000.0,-5785000.0,-5785000.0,0.0,0.0,-8.36,7770000.0,-7280000.0,2919560.0,0.0,1.84,-9.853,-24.074,22113850.0,0.0,3.25,94.546,88.013,0.0,,692000.0,692000.0,5152000.0,,,,,1412000.0,1206000.0,1.0,64307196.0,59864000.0,59864000.0,0.012,127122865.0,0.0,0.0,0.0,2.124,101802225.0
80,ILMN,MRQ,2001-06-30,2001-06-30,2001-06-30,2021-08-06,0.0,130152392.0,,123074905.0,7077487.0,,1.974,-4351000.0,11423458.0,11423458.0,69000.0,-5893000.0,35.889,0.111,1021245.0,278159.0,743086.0,1021245.0,8875000.0,327000.0,0.0,0.0,0.0,-5893000.0,-5566000.0,-11.843,-5566000.0,-5893000.0,-5893000.0,-0.1,-0.1,-0.1,117104945.0,,117104945.0,265542203.0,-14.0,-14.458,-5331000.0,-0.09,1.0,401000.0,0.853,417706.0,0.0,115903112.0,,0.0,105158977.0,105158977.0,0.0,13047447.0,3429361.0,9618086.0,378055941.0,-102176000.0,0.0,46000.0,-64000.0,0.0,-18000.0,-101178000.0,-96827000.0,-980000.0,0.0,-5893000.0,-5893000.0,-5893000.0,0.0,0.0,-12.538,7815000.0,-7414000.0,3151202.0,0.0,3.228,-19.587,-43.63,6659781.0,0.0,5.89,173.329,160.167,0.0,,470000.0,470000.0,5006000.0,,,,,1507000.0,1301000.0,1.0,64186068.0,59312000.0,59312000.0,0.008,129734686.0,0.0,0.0,0.0,2.187,119645544.0
81,ILMN,MRQ,2001-03-31,2001-03-31,2001-03-31,2021-08-06,0.0,130692722.0,,125704140.0,4988582.0,,2.074,-1595000.0,113599120.0,113599120.0,14000.0,-4918000.0,36.51,0.078,1085382.0,269374.0,816008.0,1085382.0,5187500.0,192000.0,0.0,0.0,0.0,-4918000.0,-4726000.0,-8.379,-4726000.0,-4918000.0,-4918000.0,-0.085,-0.085,-0.085,121246239.0,,121246239.0,109928809.0,-6.0,-6.119,-3884000.0,-0.066,1.0,550000.0,0.975,427173.0,0.0,14308836.0,,0.0,8110622.0,8110622.0,0.0,9446483.0,3442975.0,6003508.0,226499526.0,-2503000.0,0.0,458000.0,-62000.0,0.0,396000.0,-610000.0,985000.0,-2289000.0,0.0,-4918000.0,-4918000.0,-4918000.0,0.0,0.0,-8.72,7242000.0,-6692000.0,3173601.0,0.0,1.868,-12.126,-3.332,4561409.0,0.0,3.531,126.551,115.326,0.0,,564000.0,564000.0,4450000.0,,,,,1607000.0,1185000.0,1.0,64136918.0,58448000.0,58448000.0,0.01,130265549.0,0.0,0.0,0.0,2.229,122261165.0
82,ILMN,MRQ,2000-12-31,2000-12-31,2000-12-31,2021-08-06,0.0,132793000.0,,129067000.0,3726000.0,,4.577,-1314417.0,117718000.0,117718000.0,0.0,-4615951.0,45.997,0.07,1148000.0,261000.0,887000.0,1148000.0,5000000.0,159832.0,0.0,0.0,0.0,-4522951.0,-4363119.0,-9.004,-4363119.0,-4522951.0,-4615951.0,0.145,0.145,0.145,124100000.0,,124100000.0,392571887.0,-21.0,-21.755,-11534106.0,-0.425,1.0,484554.0,1.0,38000.0,93000.0,13379000.0,,71000.0,7341000.0,7341000.0,0.0,8693000.0,2806000.0,5887000.0,512947085.0,-5480728.0,0.0,-51467.0,-61644.0,0.0,-113111.0,4852072.0,6166489.0,-10219689.0,0.0,-4615951.0,-4615951.0,-4615951.0,0.0,0.0,-9.526,7235014.0,-6750460.0,727000.0,0.0,4.133,-27.569,-11.723,3289000.0,0.0,8.03,391.862,166.33,932000.0,-25270000.0,484554.0,484554.0,3833768.0,,,,,1957439.0,1443807.0,1.0,63878840.0,27114000.0,27114000.0,0.018,132755000.0,0.0,0.0,0.0,4.896,126261000.0
83,ILMN,MRQ,2000-09-30,2000-09-30,2000-09-30,2021-08-06,0.0,134965004.0,,132394118.0,2570886.0,,3.086,-788031.0,121582842.0,121582842.0,0.0,-3874653.0,60.203,0.064,1207644.0,252628.0,955016.0,1207644.0,5000000.0,163153.0,0.0,0.0,0.0,-3874653.0,-3711500.0,-5.602,-3711500.0,-3874653.0,-3874653.0,-0.095,-0.095,-0.095,126810842.0,,126810842.0,1401660236.0,-87.0,-89.012,-2076364.0,-0.051,1.0,662589.0,1.0,445755.0,0.0,11944905.0,,0.0,8785799.0,8785799.0,0.0,8154162.0,2199146.0,5955016.0,1419989528.0,101987655.0,0.0,101346120.0,-58251.0,0.0,101287869.0,1988119.0,2776150.0,-1288333.0,0.0,-3874653.0,-3874653.0,-3874653.0,0.0,0.0,-5.848,6044871.0,-5382282.0,1946518.0,0.0,11.198,-88.374,-8.06,2125131.0,0.0,22.69,1383.896,908.785,0.0,,662589.0,662589.0,3048305.0,,,,,1804259.0,1192307.0,1.0,62582174.0,41096842.0,41096842.0,0.016,134519249.0,0.0,0.0,0.0,3.273,130194972.0
84,ILMN,MRQ,2000-06-30,2000-06-30,2000-06-30,2021-08-06,0.0,33694192.0,,32072232.0,1621960.0,,5.361,-785059.0,19595187.0,19595187.0,0.0,-5269543.0,22.657,0.225,1265895.0,244650.0,1021245.0,1265895.0,3750000.0,105772.0,0.0,,0.0,-5269543.0,-5163771.0,-65.653,-5163771.0,-5269543.0,-5269543.0,-1.025,-1.025,-1.025,27507392.0,,27507392.0,,,,-2888568.0,-0.563,1.0,78652.0,1.0,131176.0,0.0,13818169.0,,0.0,11544891.0,11544891.0,0.0,6186800.0,1415555.0,4771245.0,,4527735.0,0.0,-4719.0,1265895.0,0.0,1261176.0,5370068.0,6155127.0,-2103509.0,0.0,-5269543.0,-5269543.0,-5269543.0,0.0,0.0,-66.998,5837908.0,-5759256.0,1170905.0,0.0,,,,1490784.0,0.0,,,,0.0,,78652.0,78652.0,3046886.0,,,,,1849477.0,941545.0,1.0,63082190.0,5130926.0,5130926.0,0.015,33563016.0,0.0,0.0,0.0,6.541,30656677.0
85,ILMN,MRQ,2000-03-31,2000-03-31,2000-03-31,2021-08-06,-40120.0,34430208.0,,33487535.0,942673.0,,7.089,-540493.0,15067452.0,15067452.0,0.0,-4845853.0,30.558,0.117,0.0,0.0,0.0,0.0,2500000.0,39243.0,0.0,,0.0,-4845853.0,-4806610.0,-57.768,-4806610.0,-4845853.0,-4845853.0,-1.115,-1.115,-1.115,30834357.0,,30834357.0,,,,-1240962.0,-0.285,1.0,83205.0,1.0,66266.0,0.0,18200639.0,,0.0,17649664.0,17649664.0,0.0,3595851.0,1095851.0,2500000.0,,-6096662.0,0.0,855066.0,0.0,0.0,855066.0,-6251259.0,-5710766.0,-700469.0,0.0,-4845853.0,-4845853.0,-4845853.0,0.0,0.0,-58.24,5426207.0,-5343002.0,349877.0,0.0,,,,802031.0,0.0,,,,371986.0,-11509118.0,83205.0,83205.0,3625041.0,,,,,1185825.0,615341.0,1.0,63082190.0,4349812.0,4349812.0,0.019,34363942.0,0.0,0.0,0.0,7.9,32391684.0
86,ILMN,MRQ,1999-12-31,1999-12-31,1999-12-31,2021-08-06,-10689.0,33894658.0,,33493045.0,401613.0,,11.359,-283233.0,21164114.0,21164114.0,0.0,-2077966.0,54.691,0.058,-3000.0,1500.0,-4500.0,-3000.0,1250000.0,13038.0,0.0,,0.0,-2077966.0,-2064928.0,-10.241,-2064928.0,-2077966.0,-2077966.0,-0.58,-0.58,-0.58,32032250.0,,32032250.0,,,,-282389.0,-0.1,1.0,201635.0,1.0,75733.0,0.0,12039403.0,,0.0,11924163.0,11924163.0,0.0,1862408.0,612408.0,1250000.0,,18847436.0,0.0,116820.0,-1000000.0,0.0,27116820.0,-8270228.0,-7986995.0,844.0,0.0,-2077966.0,-2077966.0,-2077966.0,0.0,0.0,-10.306,2426996.0,-2225361.0,318219.0,0.0,,,,291314.0,0.0,,,,0.0,-6663265.0,201635.0,201635.0,1351183.0,,,,,550079.0,525734.0,1.0,,2820000.0,,0.072,33818925.0,0.0,0.0,0.0,11.993,32880637.0
87,ILMN,MRQ,1999-09-30,1999-09-30,1999-09-30,2021-08-06,,,,,,,,-8754.0,,,0.0,-1479120.0,,,,,,,,10362.0,,,0.0,-1479120.0,-1468758.0,-14.648,-1468758.0,-1479120.0,-1479120.0,-0.47,-0.47,-0.47,,,,,,,-1302609.0,,1.0,100269.0,1.0,,0.0,,,,,,,,,,,-1200909.0,0.0,1835.0,0.0,0.0,1835.0,91111.0,99865.0,-1293855.0,0.0,-1479120.0,-1479120.0,-1479120.0,0.0,0.0,-14.752,1644578.0,-1544309.0,,0.0,,,,,0.0,,,,,,100269.0,100269.0,1191447.0,,,,,178931.0,274200.0,1.0,,,,,,,0.0,,,
88,ILMN,MRQ,1999-06-30,1999-06-30,1999-06-30,2021-08-06,,,,,,,,,,,0.0,-1117475.0,,,,,,,,,,,0.0,-1117475.0,,,,-1117475.0,-1117475.0,-0.475,-0.475,-0.475,,,,,,,,,1.0,129863.0,1.0,,0.0,,,,,,,,,,,,,,,,,,,,,-1117475.0,-1117475.0,-1117475.0,0.0,0.0,-8.605,1335533.0,-1205670.0,,0.0,,,,,0.0,,,,,,129863.0,129863.0,832745.0,,,,,,374101.0,1.0,,2353844.0,2353844.0,0.055,,,0.0,,,
89,ILMN,MRQ,1999-03-31,1999-03-31,1999-03-31,2021-08-06,-15189.0,33894658.0,,33493045.0,401613.0,,,,21164114.0,21164114.0,,,54.691,0.058,1500.0,1500.0,0.0,1500.0,1250000.0,,0.0,,0.0,,,,,,,,,,32032250.0,,32032250.0,,,,,,1.0,,,75733.0,,12043903.0,,0.0,11924163.0,11924163.0,0.0,1862408.0,612408.0,1250000.0,,,,,,,,,,,,,,,,,,,,318219.0,,,,,291314.0,,,,,308935.0,-6663265.0,,,,,,,,,,1.0,,,,,33818925.0,0.0,,0.0,,32880637.0
90,ILMN,MRQ,1998-12-31,1998-12-31,1998-12-31,2021-08-06,0.0,8557415.0,,8408249.0,149166.0,,,,8233729.0,8233729.0,,,47.459,0.021,1500.0,1500.0,0.0,1500.0,0.0,,0.0,,0.0,,,,,,,,,,8380245.0,,8380245.0,,,,,,1.0,,,113600.0,,34416.0,,0.0,0.0,0.0,0.0,177170.0,177170.0,0.0,,,,,,,,,,,,,,,,,,,,129985.0,,,,,1000.0,,,,,102988.0,-1145620.0,,,,,,,,,,1.0,,,,,8443815.0,0.0,,0.0,,8231079.0
0,ILMN,MRT,2021-06-30,2021-07-04,2021-07-04,2021-08-06,8000000.0,8675000000.0,8104750000.0,5310000000.0,3365000000.0,0.489,35.479,-196000000.0,4196000000.0,4196000000.0,1244000000.0,768000000.0,6.076,0.675,2383000000.0,0.0,2383000000.0,2383000000.0,0.0,194000000.0,0.0,0.0,0.0,952000000.0,1146000000.0,0.289,1146000000.0,952000000.0,890000000.0,5.26,5.22,5.26,5180000000.0,4874000000.0,5180000000.0,67701580000.0,71.0,59.076,898000000.0,6.151,1.0,2722000000.0,0.686,1128000000.0,62000000.0,4860000000.0,5096750000.0,380000000.0,90000000.0,90000000.0,0.0,3495000000.0,874000000.0,2621000000.0,69310580000.0,2426000000.0,-31000000.0,-348000000.0,471000000.0,0.0,40000000.0,1280000000.0,1287000000.0,1094000000.0,12000000.0,768000000.0,768000000.0,768000000.0,0.0,0.0,0.194,2047000000.0,675000000.0,200000000.0,0.0,13.38,90.248,90.253,1481000000.0,0.0,474.73,17.476,17.476,540000000.0,5055000000.0,3966000000.0,3966000000.0,770000000.0,0.095,0.158,0.187,0.24,286000000.0,1277000000.0,1.0,146000000.0,146000000.0,147000000.0,27.164,7547000000.0,0.0,122000000.0,0.0,51.692,4436000000.0
1,ILMN,MRT,2021-03-31,2021-04-04,2021-04-04,2021-08-06,8000000.0,8755000000.0,7748000000.0,5642000000.0,3113000000.0,0.448,33.712,-191000000.0,4433000000.0,4433000000.0,1125000000.0,630000000.0,4.45,0.779,2824000000.0,488000000.0,2336000000.0,2824000000.0,0.0,191000000.0,0.0,0.0,0.0,905000000.0,1096000000.0,0.316,1096000000.0,905000000.0,848000000.0,4.31,4.28,4.31,4922000000.0,4719750000.0,4922000000.0,56222336000.0,62.0,51.298,890000000.0,6.096,1.0,2348000000.0,0.676,1031000000.0,57000000.0,4847000000.0,5170750000.0,364000000.0,197000000.0,197000000.0,0.0,3833000000.0,1268000000.0,2565000000.0,56177336000.0,2442000000.0,-46000000.0,-488000000.0,961000000.0,0.0,393000000.0,957000000.0,1110000000.0,1081000000.0,11000000.0,630000000.0,630000000.0,630000000.0,0.0,0.0,0.181,1764000000.0,584000000.0,178000000.0,0.0,11.414,89.17,89.336,1444000000.0,0.0,385.04,16.175,16.187,517000000.0,4870000000.0,3473000000.0,3473000000.0,723000000.0,0.081,0.133,0.175,0.261,222000000.0,1041000000.0,1.0,145900000.0,146000000.0,147000000.0,23.788,7724000000.0,0.0,218000000.0,0.0,52.904,4374000000.0
2,ILMN,MRT,2020-12-31,2021-01-03,2021-01-03,2021-08-06,2000000.0,7585000000.0,7374500000.0,4483000000.0,3102000000.0,0.439,31.932,-189000000.0,1810000000.0,1810000000.0,1036000000.0,656000000.0,3.604,0.616,1855000000.0,511000000.0,1344000000.0,1855000000.0,0.0,187000000.0,0.0,0.0,0.0,905000000.0,1092000000.0,0.337,1092000000.0,905000000.0,856000000.0,4.48,4.45,4.48,4694000000.0,4648000000.0,4694000000.0,54110000000.0,60.0,49.551,891000000.0,6.061,1.0,2203000000.0,0.68,1039000000.0,49000000.0,5347000000.0,5234250000.0,372000000.0,1662000000.0,1662000000.0,0.0,2891000000.0,1244000000.0,1647000000.0,54020000000.0,-232000000.0,-230000000.0,-675000000.0,0.0,0.0,-766000000.0,-554000000.0,-135000000.0,1080000000.0,8000000.0,656000000.0,656000000.0,656000000.0,0.0,0.0,0.203,1623000000.0,580000000.0,192000000.0,0.0,11.508,82.348,82.589,1454000000.0,0.0,370.0,16.678,16.792,487000000.0,4723000000.0,3239000000.0,3239000000.0,682000000.0,0.089,0.141,0.173,0.279,194000000.0,941000000.0,1.0,146000000.0,147000000.0,148000000.0,22.034,6546000000.0,0.0,200000000.0,0.0,44.531,3239000000.0
3,ILMN,MRT,2020-09-30,2020-09-27,2020-09-27,2021-08-06,12000000.0,7404000000.0,7307250000.0,4329000000.0,3075000000.0,0.443,32.192,-184000000.0,1761000000.0,1761000000.0,1003000000.0,638000000.0,3.883,0.575,1851000000.0,507000000.0,1344000000.0,1851000000.0,0.0,182000000.0,0.0,0.0,0.0,871000000.0,1053000000.0,0.325,1053000000.0,871000000.0,827000000.0,4.34,4.31,4.34,4700000000.0,4627750000.0,4700000000.0,43856940000.0,50.0,41.65,933000000.0,6.39,1.0,2235000000.0,0.69,1046000000.0,44000000.0,5333000000.0,5266500000.0,415000000.0,1563000000.0,1563000000.0,0.0,2704000000.0,1115000000.0,1589000000.0,43783940000.0,-54000000.0,-248000000.0,-457000000.0,0.0,0.0,-550000000.0,-624000000.0,-192000000.0,1117000000.0,3000000.0,638000000.0,638000000.0,638000000.0,0.0,0.0,0.197,1520000000.0,715000000.0,156000000.0,0.0,9.316,68.627,69.099,1455000000.0,0.0,299.89,13.522,13.522,464000000.0,4466000000.0,3238000000.0,3238000000.0,644000000.0,0.087,0.138,0.165,0.269,165000000.0,876000000.0,1.0,146000000.0,146000000.0,148000000.0,22.178,6358000000.0,19000000.0,189000000.0,0.0,43.548,3214000000.0
4,ILMN,MRT,2020-06-30,2020-06-28,2020-06-28,2021-08-06,14000000.0,7248000000.0,7228500000.0,4194000000.0,3054000000.0,0.464,31.041,-185000000.0,1770000000.0,1770000000.0,994000000.0,693000000.0,3.761,0.588,1843000000.0,503000000.0,1340000000.0,1843000000.0,0.0,182000000.0,0.0,0.0,0.0,926000000.0,1108000000.0,0.331,1108000000.0,926000000.0,882000000.0,4.71,4.68,4.71,4563000000.0,4562500000.0,4563000000.0,52787760000.0,57.0,47.642,1046000000.0,7.116,1.0,2357000000.0,0.703,1050000000.0,44000000.0,5156000000.0,5308500000.0,435000000.0,1498000000.0,1498000000.0,0.0,2685000000.0,1115000000.0,1570000000.0,52931760000.0,-173000000.0,-245000000.0,-528000000.0,0.0,0.0,-622000000.0,-777000000.0,-347000000.0,1231000000.0,-5000000.0,693000000.0,693000000.0,693000000.0,0.0,0.0,0.207,1496000000.0,861000000.0,135000000.0,0.0,11.6,76.381,76.45,1439000000.0,0.0,360.08,15.796,15.796,385000000.0,4287000000.0,3351000000.0,3351000000.0,623000000.0,0.096,0.152,0.174,0.276,150000000.0,873000000.0,1.0,147000000.0,147000000.0,148000000.0,22.796,6198000000.0,13000000.0,189000000.0,0.0,42.163,3079000000.0
5,ILMN,MRT,2020-03-31,2020-03-29,2020-03-29,2021-08-06,6000000.0,7261000000.0,7159750000.0,4324000000.0,2937000000.0,0.497,31.531,-193000000.0,1991000000.0,1991000000.0,1054000000.0,939000000.0,4.102,0.567,1847000000.0,499000000.0,1348000000.0,1847000000.0,0.0,185000000.0,0.0,0.0,0.0,1114000000.0,1299000000.0,0.365,1299000000.0,1114000000.0,1066000000.0,6.4,6.35,6.4,4635000000.0,4504750000.0,4635000000.0,39344350000.0,35.0,30.288,941000000.0,6.401,1.0,2502000000.0,0.704,962000000.0,48000000.0,5101000000.0,5332000000.0,384000000.0,1341000000.0,1341000000.0,0.0,2626000000.0,1054000000.0,1572000000.0,39550350000.0,-279000000.0,-179000000.0,-385000000.0,-549000000.0,0.0,-1028000000.0,-378000000.0,-6000000.0,1134000000.0,-7000000.0,942000000.0,942000000.0,942000000.0,0.0,-3000000.0,0.265,1532000000.0,970000000.0,130000000.0,0.0,8.533,41.986,42.039,1449000000.0,0.0,269.05,11.122,11.122,472000000.0,4240000000.0,3556000000.0,3556000000.0,634000000.0,0.132,0.209,0.209,0.313,182000000.0,898000000.0,1.0,147000000.0,147000000.0,148000000.0,24.19,6299000000.0,91000000.0,124000000.0,0.0,42.85,3270000000.0
6,ILMN,MRT,2019-12-31,2019-12-29,2019-12-29,2021-08-06,5000000.0,7316000000.0,7192000000.0,4451000000.0,2865000000.0,0.493,31.381,-209000000.0,2042000000.0,2042000000.0,1076000000.0,990000000.0,6.693,0.586,1836000000.0,0.0,1836000000.0,1836000000.0,0.0,188000000.0,0.0,0.0,0.0,1182000000.0,1370000000.0,0.387,1370000000.0,1182000000.0,1130000000.0,6.81,6.74,6.81,4613000000.0,4342250000.0,4613000000.0,48853630000.0,41.0,35.66,842000000.0,5.728,1.0,2467000000.0,0.696,969000000.0,52000000.0,5476000000.0,5390250000.0,359000000.0,1372000000.0,1372000000.0,0.0,2703000000.0,665000000.0,2038000000.0,48846630000.0,898000000.0,-32000000.0,-265000000.0,-550000000.0,0.0,-897000000.0,745000000.0,986000000.0,1051000000.0,-1000000.0,1002000000.0,1002000000.0,1002000000.0,0.0,-12000000.0,0.283,1482000000.0,985000000.0,149000000.0,0.0,10.589,48.749,48.794,1444000000.0,0.0,332.29,13.787,13.787,573000000.0,4067000000.0,3543000000.0,3543000000.0,647000000.0,0.139,0.231,0.219,0.334,194000000.0,835000000.0,1.0,147000000.0,147000000.0,149000000.0,24.102,6347000000.0,64000000.0,128000000.0,0.0,43.177,3786000000.0
7,ILMN,MRT,2019-09-30,2019-09-29,2019-09-29,2021-08-06,5000000.0,7089000000.0,7102750000.0,4222000000.0,2867000000.0,0.487,30.197,-217000000.0,1815000000.0,1815000000.0,1063000000.0,948000000.0,6.821,0.597,1822000000.0,0.0,1822000000.0,1822000000.0,0.0,193000000.0,0.0,0.0,0.0,1144000000.0,1337000000.0,0.387,1337000000.0,1144000000.0,1083000000.0,6.61,6.55,6.61,4439000000.0,4128500000.0,4439000000.0,44163160000.0,39.0,33.032,691000000.0,4.701,1.0,2395000000.0,0.693,976000000.0,61000000.0,5501000000.0,5269250000.0,417000000.0,1351000000.0,1351000000.0,0.0,2650000000.0,619000000.0,2031000000.0,44288160000.0,469000000.0,-14000000.0,-299000000.0,-551000000.0,0.0,-936000000.0,501000000.0,732000000.0,908000000.0,-4000000.0,973000000.0,973000000.0,973000000.0,0.0,-25000000.0,0.281,1481000000.0,914000000.0,143000000.0,0.0,9.977,45.517,45.579,1430000000.0,0.0,301.28,12.807,12.807,541000000.0,3828000000.0,3458000000.0,3458000000.0,662000000.0,0.137,0.236,0.217,0.331,192000000.0,819000000.0,1.0,147000000.0,147000000.0,148000000.0,23.524,6113000000.0,88000000.0,110000000.0,0.0,41.585,3603000000.0
8,ILMN,MRT,2019-06-30,2019-06-30,2019-06-30,2021-08-06,5000000.0,6973000000.0,7020250000.0,4156000000.0,2817000000.0,0.485,29.469,-232000000.0,1943000000.0,1943000000.0,1060000000.0,902000000.0,6.791,0.61,1818000000.0,0.0,1818000000.0,1818000000.0,0.0,191000000.0,0.0,0.0,0.0,1121000000.0,1312000000.0,0.385,1312000000.0,1121000000.0,1056000000.0,6.37,6.3,6.37,4332000000.0,3894500000.0,4332000000.0,54309050000.0,48.0,41.394,701000000.0,4.769,1.0,2344000000.0,0.689,986000000.0,65000000.0,5250000000.0,5048750000.0,420000000.0,1230000000.0,1230000000.0,0.0,2641000000.0,612000000.0,2029000000.0,54118050000.0,599000000.0,-14000000.0,-210000000.0,183000000.0,0.0,-112000000.0,-221000000.0,25000000.0,933000000.0,-1000000.0,938000000.0,938000000.0,938000000.0,0.0,-36000000.0,0.276,1497000000.0,847000000.0,139000000.0,0.0,12.493,57.695,57.794,1412000000.0,0.0,368.15,15.898,15.898,470000000.0,3594000000.0,3404000000.0,3404000000.0,670000000.0,0.134,0.241,0.222,0.329,194000000.0,827000000.0,1.0,147000000.0,147000000.0,149000000.0,23.156,5987000000.0,69000000.0,118000000.0,0.0,40.728,3544000000.0
9,ILMN,MRT,2019-03-31,2019-03-31,2019-03-31,2021-08-06,2000000.0,7390000000.0,6739750000.0,4545000000.0,2845000000.0,0.504,27.109,-262000000.0,2270000000.0,2270000000.0,1050000000.0,809000000.0,3.662,0.833,2461000000.0,631000000.0,1830000000.0,2461000000.0,0.0,187000000.0,0.0,0.0,0.0,1009000000.0,1196000000.0,0.352,1196000000.0,1009000000.0,948000000.0,5.78,5.72,5.78,3985000000.0,3625750000.0,3985000000.0,46524430000.0,46.0,38.9,823000000.0,5.599,1.0,2346000000.0,0.691,1006000000.0,61000000.0,5334000000.0,4636750000.0,412000000.0,1345000000.0,1345000000.0,0.0,3320000000.0,1241000000.0,2079000000.0,45671430000.0,710000000.0,-85000000.0,-212000000.0,732000000.0,0.0,467000000.0,-837000000.0,-490000000.0,1085000000.0,-5000000.0,851000000.0,851000000.0,851000000.0,0.0,-42000000.0,0.251,1477000000.0,869000000.0,137000000.0,0.0,11.461,53.668,53.753,1426000000.0,0.0,310.69,13.449,13.449,457000000.0,3298000000.0,3396000000.0,3396000000.0,655000000.0,0.126,0.235,0.218,0.297,196000000.0,822000000.0,1.0,147000000.0,147000000.0,149000000.0,23.102,6384000000.0,87000000.0,97000000.0,0.0,43.429,3304000000.0
10,ILMN,MRT,2018-12-31,2018-12-30,2018-12-30,2021-08-06,-1000000.0,6959000000.0,6277750000.0,4490000000.0,2469000000.0,0.531,25.565,-296000000.0,1144000000.0,1144000000.0,1033000000.0,782000000.0,2.489,0.829,1997000000.0,1107000000.0,890000000.0,1997000000.0,0.0,179000000.0,0.0,0.0,0.0,995000000.0,1174000000.0,0.352,1174000000.0,995000000.0,938000000.0,5.63,5.56,5.63,3758000000.0,3381500000.0,3758000000.0,44460810000.0,45.0,37.871,846000000.0,5.755,1.0,2300000000.0,0.69,1016000000.0,57000000.0,4992000000.0,4100500000.0,386000000.0,2368000000.0,2368000000.0,0.0,3114000000.0,1804000000.0,1310000000.0,43839810000.0,-81000000.0,-100000000.0,-155000000.0,731000000.0,0.0,594000000.0,-1813000000.0,-1417000000.0,1142000000.0,-4000000.0,826000000.0,826000000.0,826000000.0,0.0,-44000000.0,0.248,1417000000.0,883000000.0,184000000.0,0.0,11.666,53.075,52.972,1075000000.0,0.0,298.23,13.153,13.153,514000000.0,3083000000.0,3333000000.0,3333000000.0,623000000.0,0.132,0.244,0.243,0.299,193000000.0,794000000.0,1.0,147000000.0,147000000.0,149000000.0,22.673,5943000000.0,70000000.0,112000000.0,0.0,40.429,2686000000.0
11,ILMN,MRT,2018-09-30,2018-09-30,2018-09-30,2021-08-06,-2000000.0,6759000000.0,5852250000.0,4262000000.0,2497000000.0,0.554,23.83,-307000000.0,1346000000.0,1346000000.0,990000000.0,642000000.0,2.456,0.904,1967000000.0,1107000000.0,860000000.0,1967000000.0,0.0,168000000.0,0.0,0.0,0.0,998000000.0,1166000000.0,0.36,1166000000.0,998000000.0,950000000.0,4.66,4.62,4.66,3503000000.0,3129250000.0,3503000000.0,53961820000.0,54.0,46.279,829000000.0,5.639,1.0,2252000000.0,0.695,1026000000.0,48000000.0,4619000000.0,3735500000.0,374000000.0,2043000000.0,2043000000.0,0.0,3165000000.0,1735000000.0,1430000000.0,53957820000.0,-8000000.0,-100000000.0,-125000000.0,730000000.0,0.0,639000000.0,-1780000000.0,-1373000000.0,1136000000.0,-3000000.0,684000000.0,684000000.0,684000000.0,0.0,-42000000.0,0.211,1336000000.0,916000000.0,156000000.0,0.0,15.403,78.886,78.768,1060000000.0,0.0,367.06,16.643,16.643,433000000.0,2872000000.0,3242000000.0,3242000000.0,584000000.0,0.117,0.219,0.267,0.308,187000000.0,752000000.0,1.0,147000000.0,147000000.0,149000000.0,22.054,5733000000.0,86000000.0,266000000.0,0.0,39.0,2527000000.0
12,ILMN,MRT,2018-06-30,2018-07-01,2018-07-01,2021-08-06,-1000000.0,5851000000.0,5424000000.0,3337000000.0,2514000000.0,0.572,22.156,-327000000.0,1344000000.0,1344000000.0,966000000.0,606000000.0,2.742,0.768,1348000000.0,625000000.0,723000000.0,1348000000.0,0.0,164000000.0,0.0,0.0,0.0,936000000.0,1100000000.0,0.354,1100000000.0,936000000.0,893000000.0,4.43,4.4,4.43,3257000000.0,2967250000.0,3257000000.0,40825630000.0,44.0,37.114,752000000.0,5.116,1.0,2137000000.0,0.689,1036000000.0,43000000.0,3602000000.0,3394000000.0,362000000.0,1168000000.0,1168000000.0,0.0,2500000000.0,1217000000.0,1283000000.0,41055630000.0,125000000.0,-100000000.0,-88000000.0,-5000000.0,0.0,-17000000.0,-937000000.0,-510000000.0,1079000000.0,0.0,648000000.0,648000000.0,648000000.0,0.0,-42000000.0,0.209,1281000000.0,856000000.0,149000000.0,0.0,12.605,63.357,63.045,1036000000.0,0.0,279.29,13.231,13.231,395000000.0,2673000000.0,3103000000.0,3103000000.0,559000000.0,0.119,0.218,0.276,0.302,173000000.0,722000000.0,1.0,147000000.0,147000000.0,148000000.0,21.109,4815000000.0,108000000.0,245000000.0,0.0,32.755,2120000000.0
13,ILMN,MRT,2018-03-31,2018-04-01,2018-04-01,2021-08-06,-1000000.0,5542000000.0,5175750000.0,3194000000.0,2348000000.0,0.567,20.463,-319000000.0,1560000000.0,1560000000.0,939000000.0,526000000.0,2.707,0.821,1330000000.0,620000000.0,710000000.0,1330000000.0,0.0,157000000.0,0.0,0.0,0.0,841000000.0,998000000.0,0.34,998000000.0,841000000.0,801000000.0,3.88,3.86,3.88,3008000000.0,2831750000.0,3008000000.0,34720740000.0,41.0,34.79,643000000.0,4.374,1.0,1996000000.0,0.68,943000000.0,40000000.0,3189000000.0,3284500000.0,350000000.0,813000000.0,813000000.0,0.0,2469000000.0,1180000000.0,1289000000.0,34753740000.0,579000000.0,0.0,-80000000.0,-5000000.0,0.0,-23000000.0,-365000000.0,-46000000.0,962000000.0,5000000.0,567000000.0,567000000.0,567000000.0,0.0,-41000000.0,0.193,1224000000.0,772000000.0,151000000.0,0.0,11.554,61.294,60.933,983000000.0,0.0,236.42,11.841,11.841,400000000.0,2464000000.0,2935000000.0,2935000000.0,538000000.0,0.11,0.2,0.256,0.287,162000000.0,686000000.0,1.0,147000000.0,147000000.0,148000000.0,19.966,4599000000.0,100000000.0,234000000.0,0.0,31.286,2014000000.0
14,ILMN,MRT,2017-12-31,2017-12-31,2017-12-31,2021-08-06,-1000000.0,5257000000.0,4939750000.0,2980000000.0,2277000000.0,0.557,18.829,-312000000.0,1225000000.0,1225000000.0,926000000.0,678000000.0,3.995,0.912,1192000000.0,10000000.0,1182000000.0,1192000000.0,0.0,156000000.0,0.0,0.0,0.0,1128000000.0,1284000000.0,0.467,1284000000.0,1128000000.0,1091000000.0,4.96,4.92,4.96,2749000000.0,2717500000.0,2749000000.0,31727540000.0,28.0,24.71,563000000.0,3.856,1.0,1826000000.0,0.664,946000000.0,37000000.0,3532000000.0,3230750000.0,333000000.0,920000000.0,920000000.0,0.0,2508000000.0,746000000.0,1762000000.0,31899540000.0,490000000.0,226000000.0,-180000000.0,-4000000.0,0.0,-176000000.0,-214000000.0,-128000000.0,875000000.0,5000000.0,726000000.0,725000000.0,725000000.0,0.0,-48000000.0,0.263,1220000000.0,606000000.0,160000000.0,0.0,11.604,43.999,44.05,931000000.0,1000000.0,218.49,11.591,11.591,411000000.0,2256000000.0,2752000000.0,2752000000.0,546000000.0,0.147,0.267,0.349,0.41,164000000.0,674000000.0,1.0,146000000.0,146000000.0,148000000.0,18.849,4311000000.0,88000000.0,365000000.0,0.0,29.527,2234000000.0
15,ILMN,MRT,2017-09-30,2017-10-01,2017-10-01,2021-08-06,0.0,5046000000.0,4695750000.0,2805000000.0,2241000000.0,0.552,19.555,-318000000.0,1354000000.0,1354000000.0,890000000.0,727000000.0,4.218,0.767,1182000000.0,2000000.0,1180000000.0,1182000000.0,0.0,155000000.0,0.0,0.0,0.0,1042000000.0,1197000000.0,0.462,1197000000.0,1042000000.0,1008000000.0,5.29,5.26,5.29,2855000000.0,2579500000.0,2855000000.0,29038200000.0,28.0,24.259,525000000.0,3.596,1.0,1703000000.0,0.657,956000000.0,34000000.0,3253000000.0,3067750000.0,327000000.0,687000000.0,687000000.0,0.0,2191000000.0,665000000.0,1526000000.0,29083200000.0,559000000.0,226000000.0,-249000000.0,3000000.0,0.0,-212000000.0,-73000000.0,19000000.0,843000000.0,1000000.0,782000000.0,775000000.0,775000000.0,0.0,-55000000.0,0.299,1184000000.0,519000000.0,158000000.0,0.0,10.187,37.527,37.656,862000000.0,7000000.0,199.2,11.216,11.216,383000000.0,2188000000.0,2593000000.0,2593000000.0,539000000.0,0.165,0.3,0.34,0.402,150000000.0,645000000.0,1.0,146000000.0,146000000.0,148000000.0,17.76,4090000000.0,117000000.0,226000000.0,0.0,28.014,2140000000.0
16,ILMN,MRT,2017-06-30,2017-07-02,2017-07-02,2021-08-06,0.0,4858000000.0,4491206750.0,2643000000.0,2215000000.0,0.554,18.596,-302000000.0,1219000000.0,1219000000.0,839000000.0,692000000.0,3.875,0.789,1174000000.0,5000000.0,1169000000.0,1174000000.0,0.0,150000000.0,0.0,0.0,0.0,1021000000.0,1171000000.0,0.471,1171000000.0,1021000000.0,988000000.0,5.05,5.02,5.05,2715000000.0,2425786750.0,2715000000.0,25408920000.0,25.0,21.698,482000000.0,3.301,1.0,1647000000.0,0.663,967000000.0,33000000.0,3164000000.0,2958183750.0,309000000.0,674000000.0,674000000.0,0.0,2143000000.0,682000000.0,1461000000.0,25333920000.0,267000000.0,226000000.0,-199000000.0,8000000.0,0.0,-198000000.0,-317000000.0,-241000000.0,784000000.0,-2000000.0,748000000.0,741000000.0,741000000.0,0.0,-56000000.0,0.298,1148000000.0,499000000.0,175000000.0,0.0,9.331,34.189,34.36,837000000.0,7000000.0,173.52,10.191,10.191,372000000.0,2025000000.0,2486000000.0,2486000000.0,531000000.0,0.165,0.305,0.345,0.411,151000000.0,617000000.0,1.0,146000000.0,146000000.0,147000000.0,17.027,3891000000.0,103000000.0,240000000.0,0.0,26.651,1961000000.0
17,ILMN,MRT,2017-03-31,2017-04-02,2017-04-02,2021-08-06,-1000000.0,4598000000.0,4272979250.0,2517000000.0,2081000000.0,0.567,17.473,-301000000.0,981000000.0,981000000.0,787000000.0,688000000.0,3.491,0.802,1056000000.0,1000000.0,1055000000.0,1056000000.0,0.0,146000000.0,0.0,0.0,0.0,1033000000.0,1179000000.0,0.486,1179000000.0,1033000000.0,1000000000.0,5.01,4.97,5.01,2551000000.0,2260979500.0,2551000000.0,25279171000.0,24.0,21.441,547000000.0,3.747,1.0,1637000000.0,0.675,978000000.0,33000000.0,2974000000.0,2777018250.0,299000000.0,797000000.0,797000000.0,0.0,2047000000.0,721000000.0,1326000000.0,24964632000.0,226000000.0,226000000.0,-304000000.0,14000000.0,0.0,-311000000.0,-308000000.0,-233000000.0,848000000.0,-3000000.0,740000000.0,735000000.0,735000000.0,0.0,-52000000.0,0.303,1119000000.0,518000000.0,142000000.0,0.0,9.786,33.965,34.06,734000000.0,5000000.0,170.64,10.299,10.278,368000000.0,1897000000.0,2424000000.0,2424000000.0,526000000.0,0.172,0.325,0.372,0.426,144000000.0,604000000.0,1.0,146300000.0,146000000.0,147000000.0,16.603,3620000000.0,83000000.0,260000000.0,0.0,24.795,1796000000.0
18,ILMN,MRT,2016-12-31,2017-01-01,2017-01-01,2021-08-06,-1000000.0,4281000000.0,4071905750.0,2318000000.0,1963000000.0,0.589,14.946,-271000000.0,735000000.0,735000000.0,732000000.0,428000000.0,3.288,0.915,1058000000.0,2000000.0,1056000000.0,1058000000.0,0.0,141000000.0,0.0,0.0,0.0,629000000.0,770000000.0,0.321,770000000.0,629000000.0,596000000.0,3.09,3.07,3.09,2197000000.0,2121006750.0,2197000000.0,19056394000.0,30.0,24.749,508000000.0,3.456,1.0,1666000000.0,0.695,1019000000.0,33000000.0,2880000000.0,2667170500.0,300000000.0,824000000.0,824000000.0,0.0,2011000000.0,705000000.0,1306000000.0,18809076000.0,-34000000.0,-18000000.0,-202000000.0,-61000000.0,0.0,-296000000.0,-515000000.0,-226000000.0,779000000.0,-2000000.0,463000000.0,454000000.0,454000000.0,0.0,-35000000.0,0.189,1079000000.0,587000000.0,138000000.0,0.0,8.561,41.43,41.437,713000000.0,9000000.0,128.04,7.844,7.849,381000000.0,1485000000.0,2398000000.0,2398000000.0,504000000.0,0.111,0.214,0.236,0.262,129000000.0,584000000.0,1.0,146900000.0,147000000.0,148000000.0,16.313,3262000000.0,123000000.0,133000000.0,0.0,22.19,1613000000.0
19,ILMN,MRT,2016-09-30,2016-10-02,2016-10-02,2021-08-06,1314000.0,4227827000.0,3923592500.0,2277836000.0,1949991000.0,0.604,15.239,-224364000.0,794697000.0,794697000.0,713717000.0,424474000.0,3.622,0.852,1042015000.0,1250000.0,1040765000.0,1042015000.0,0.0,136342000.0,0.0,0.0,0.0,614119000.0,750461000.0,0.317,750461000.0,614119000.0,581309000.0,3.04,3.0,3.04,2240147000.0,2033895000.0,2240147000.0,26711575000.0,43.0,35.594,659418000.0,4.486,1.0,1657069000.0,0.699,1031555000.0,32810000.0,2814735000.0,2540373250.0,312242000.0,741569000.0,741569000.0,0.0,1908150000.0,628855000.0,1279295000.0,26631356000.0,243625000.0,-19774000.0,-261412000.0,-94793000.0,0.0,-530379000.0,-112456000.0,131682000.0,883782000.0,2678000.0,443918000.0,445967000.0,445967000.0,0.0,-19444000.0,0.188,1068910000.0,588159000.0,134090000.0,0.0,11.888,59.716,59.757,633856000.0,-2049000.0,181.66,11.233,11.264,381632000.0,1361652000.0,2370786000.0,2370786000.0,488820000.0,0.114,0.219,0.242,0.259,259599000.0,575594000.0,1.0,146600000.0,147000000.0,148000000.0,16.128,3196272000.0,182122000.0,137391000.0,0.0,21.743,1648981000.0
20,ILMN,MRT,2016-06-30,2016-07-03,2016-07-03,2021-08-06,2318000.0,3985090000.0,3800022750.0,2143021000.0,1842069000.0,0.609,13.985,-185823000.0,951662000.0,951662000.0,695449000.0,423095000.0,3.685,0.898,1031881000.0,511000.0,1031370000.0,1031881000.0,0.0,133198000.0,0.0,0.0,0.0,583413000.0,716611000.0,0.31,716611000.0,583413000.0,546782000.0,2.97,2.92,2.97,2055771000.0,1958000000.0,2055771000.0,20983192000.0,36.0,29.281,702953000.0,4.782,1.0,1618608000.0,0.699,1044464000.0,36631000.0,2439338000.0,2502997000.0,311364000.0,473594000.0,473594000.0,0.0,1845178000.0,581507000.0,1263671000.0,20715456000.0,361097000.0,-55000000.0,-282760000.0,-306336000.0,0.0,-720276000.0,189617000.0,430440000.0,888776000.0,2980000.0,433095000.0,435095000.0,435095000.0,0.0,-10000000.0,0.188,1050667000.0,567941000.0,250670000.0,0.0,10.077,47.611,47.384,511354000.0,-2000000.0,140.73,8.952,8.94,372480000.0,1232764000.0,2314057000.0,2314057000.0,462046000.0,0.114,0.222,0.233,0.252,241287000.0,573242000.0,1.0,147200000.0,147000000.0,148000000.0,15.742,2940626000.0,186462000.0,113687000.0,0.0,20.004,1561514000.0
21,ILMN,MRT,2016-03-31,2016-04-03,2016-04-03,2021-08-06,1982000.0,3793706000.0,3729531500.0,2073798000.0,1719908000.0,0.604,13.545,-159449000.0,754910000.0,754910000.0,682462000.0,409342000.0,4.309,0.865,1022646000.0,0.0,1022646000.0,1022646000.0,0.0,129898000.0,0.0,0.0,0.0,566790000.0,696688000.0,0.309,696688000.0,566790000.0,526954000.0,2.85,2.79,2.85,1991109000.0,1892535250.0,1991109000.0,24850228000.0,44.0,35.669,658772000.0,4.481,1.0,1570973000.0,0.697,1045605000.0,39836000.0,2534609000.0,2562465000.0,287919000.0,588182000.0,588182000.0,0.0,1722783000.0,481228000.0,1241555000.0,24528420000.0,221617000.0,-55000000.0,-173974000.0,-320886000.0,0.0,-603466000.0,3147000.0,217596000.0,818221000.0,3715000.0,415342000.0,415342000.0,415342000.0,0.0,-6000000.0,0.184,1013099000.0,557874000.0,154680000.0,0.0,12.319,59.056,58.547,385253000.0,0.0,166.86,10.885,10.885,402514000.0,1112352000.0,2253435000.0,2253435000.0,433228000.0,0.111,0.219,0.221,0.252,212527000.0,549683000.0,1.0,147000000.0,147000000.0,148000000.0,15.329,2748101000.0,196198000.0,111612000.0,0.0,18.695,1592570000.0
22,ILMN,MRT,2015-12-31,2016-01-03,2016-01-03,2021-08-06,36000.0,3687747000.0,3655878250.0,2096823000.0,1590924000.0,0.607,12.749,-143000000.0,768770000.0,768770000.0,671000000.0,458000000.0,3.435,0.995,1090578000.0,74929000.0,1015649000.0,1090578000.0,0.0,127000000.0,0.0,0.0,0.0,630000000.0,757000000.0,0.341,757000000.0,630000000.0,587000000.0,3.19,3.1,3.19,1848553000.0,1800589500.0,1848553000.0,28659320000.0,45.0,37.859,643000000.0,4.434,1.0,1549000000.0,0.698,1026250000.0,43000000.0,2372811000.0,2561388500.0,270777000.0,617450000.0,617450000.0,0.0,1839194000.0,610494000.0,1228700000.0,28100748000.0,133000000.0,-37000000.0,-202000000.0,-245000000.0,0.0,-545000000.0,-107000000.0,73000000.0,786000000.0,-1000000.0,462000000.0,462000000.0,462000000.0,0.0,-4000000.0,0.208,936000000.0,613000000.0,139226000.0,0.0,15.201,60.824,60.171,342694000.0,0.0,191.945,12.658,12.537,385529000.0,1022765000.0,2220000000.0,2220000000.0,401000000.0,0.126,0.257,0.246,0.284,133000000.0,516000000.0,1.0,146400000.0,145000000.0,149000000.0,15.31,2661497000.0,134515000.0,125000000.0,0.0,18.355,1486329000.0
23,ILMN,MRT,2015-09-30,2015-09-27,2015-09-27,2021-08-06,1040000.0,3733548000.0,3568851500.0,2210428000.0,1523120000.0,0.6,13.324,-171968000.0,551529000.0,551529000.0,616725000.0,507806000.0,3.786,0.928,1110101000.0,102166000.0,1007935000.0,1110101000.0,0.0,123610000.0,0.0,0.0,0.0,689018000.0,812628000.0,0.38,812628000.0,689018000.0,642752000.0,3.58,3.43,3.58,1936567000.0,1704150750.0,1936567000.0,26112857000.0,38.0,32.134,387799000.0,2.668,1.0,1523868000.0,0.712,1043033000.0,46266000.0,2665230000.0,2526425750.0,233781000.0,887877000.0,887877000.0,0.0,1796981000.0,583857000.0,1213124000.0,25400638000.0,-278366000.0,-35226000.0,-29745000.0,-1461039000.0,0.0,-165419000.0,-668327000.0,-461133000.0,559767000.0,-4387000.0,510362000.0,510313000.0,510313000.0,0.0,-2556000.0,0.238,852144000.0,671724000.0,123432000.0,0.0,13.116,49.775,49.034,308722000.0,49000.0,175.54,11.866,11.919,413474000.0,918288000.0,2140593000.0,2140593000.0,430127000.0,0.143,0.299,0.273,0.322,-9977000.0,499579000.0,1.0,144700000.0,145349000.0,149672000.0,14.727,2690515000.0,130564000.0,132390000.0,0.0,18.511,1626571000.0
24,ILMN,MRT,2015-06-30,2015-06-28,2015-06-28,2021-08-06,599000.0,3703125000.0,3455016000.0,2237691000.0,1465434000.0,0.599,12.439,-177432000.0,591057000.0,591057000.0,600682000.0,485674000.0,3.086,1.064,1303276000.0,302447000.0,1000829000.0,1303276000.0,0.0,117443000.0,0.0,0.0,0.0,668154000.0,785597000.0,0.379,785597000.0,668154000.0,623722000.0,3.43,3.27,3.43,1793912000.0,1538587250.0,1793912000.0,32190113000.0,48.0,40.975,346946000.0,2.406,1.0,1470270000.0,0.71,1013081000.0,44432000.0,2677210000.0,2322276500.0,223620000.0,919325000.0,919325000.0,0.0,1909213000.0,725053000.0,1184160000.0,31422446000.0,-84164000.0,-3285000.0,15184000.0,-1253629000.0,0.0,70973000.0,-673631000.0,-492914000.0,524378000.0,-5884000.0,485674000.0,485674000.0,485674000.0,0.0,0.0,0.235,819835000.0,650435000.0,107884000.0,0.0,17.516,64.699,63.574,302840000.0,0.0,218.06,15.173,15.186,368611000.0,800111000.0,2070952000.0,2070952000.0,415983000.0,0.141,0.316,0.288,0.323,-7302000.0,482819000.0,1.0,144100000.0,144220000.0,148969000.0,14.36,2690044000.0,118399000.0,138048000.0,0.0,18.652,1512638000.0
25,ILMN,MRT,2015-03-31,2015-03-29,2015-03-29,2021-08-06,2334000.0,3499093000.0,3287998500.0,2060281000.0,1438812000.0,0.602,11.291,-159130000.0,533537000.0,533537000.0,584697000.0,430032000.0,2.901,1.156,1301204000.0,307427000.0,993777000.0,1301204000.0,0.0,114269000.0,0.0,0.0,0.0,586165000.0,700434000.0,0.354,700434000.0,586165000.0,543016000.0,3.08,2.89,3.08,1623326000.0,1360218250.0,1623326000.0,27569928000.0,47.0,39.361,371833000.0,2.586,1.0,1394445000.0,0.705,1026206000.0,43149000.0,2530303000.0,2141747000.0,205184000.0,832952000.0,832952000.0,0.0,1875767000.0,710251000.0,1165516000.0,26915046000.0,15024000.0,-3285000.0,-47909000.0,-112794000.0,0.0,-93358000.0,-416384000.0,-253969000.0,530963000.0,-6197000.0,430032000.0,430032000.0,430032000.0,0.0,0.0,0.217,795704000.0,598741000.0,106674000.0,0.0,16.58,62.588,60.769,280628000.0,0.0,187.17,13.599,13.597,350044000.0,697864000.0,1979142000.0,1979142000.0,402786000.0,0.131,0.316,0.274,0.296,-1351000.0,473027000.0,1.0,143800000.0,143771000.0,148683000.0,13.766,2472887000.0,112227000.0,112984000.0,0.0,17.2,1350030000.0
26,ILMN,MRT,2014-12-31,2014-12-28,2014-12-28,2021-08-06,-1080000.0,3339640000.0,3176617750.0,1889603000.0,1450037000.0,0.586,10.791,-142216000.0,636154000.0,636154000.0,563648000.0,353351000.0,2.617,1.283,1291036000.0,304256000.0,986780000.0,1291036000.0,0.0,112574000.0,0.0,0.0,0.0,490486000.0,603060000.0,0.324,603060000.0,490486000.0,448758000.0,2.61,2.37,2.61,1462798000.0,1347790000.0,1462798000.0,27175460000.0,55.0,45.063,359055000.0,2.649,1.0,1297710000.0,0.697,1039404000.0,41728000.0,2232960000.0,1807434000.0,191144000.0,702217000.0,702217000.0,0.0,1876842000.0,722158000.0,1154684000.0,26724400000.0,-75483000.0,-3285000.0,-140855000.0,-142334000.0,0.0,-166748000.0,-406624000.0,-261123000.0,501271000.0,-3382000.0,353351000.0,353351000.0,353351000.0,0.0,0.0,0.19,782999000.0,514711000.0,82626000.0,0.0,18.269,75.631,72.107,265264000.0,0.0,188.2,14.357,13.706,289458000.0,561206000.0,1861358000.0,1861358000.0,388055000.0,0.111,0.262,0.271,0.264,26072000.0,466283000.0,1.0,142000000.0,135553000.0,148977000.0,13.732,2300236000.0,90634000.0,95407000.0,0.0,16.969,1167445000.0
27,ILMN,MRT,2014-09-30,2014-09-28,2014-09-28,2021-08-06,361000.0,3278206000.0,3096459250.0,1906954000.0,1371252000.0,0.561,9.029,-113693000.0,829895000.0,829895000.0,564286000.0,280732000.0,2.227,1.573,1280955000.0,301119000.0,979836000.0,1280955000.0,0.0,109789000.0,0.0,0.0,0.0,417662000.0,527451000.0,0.304,527451000.0,417662000.0,377066000.0,2.13,1.92,2.13,1274313000.0,1365391000.0,1274313000.0,23658078000.0,57.0,44.854,373868000.0,2.649,1.0,1172019000.0,0.675,1024232000.0,40596000.0,1848633000.0,1699110250.0,199298000.0,441532000.0,441532000.0,0.0,2003893000.0,856401000.0,1147492000.0,23062336000.0,138059000.0,-89308000.0,-103464000.0,1102367000.0,0.0,-123394000.0,-224651000.0,-21650000.0,487561000.0,-1457000.0,280732000.0,280732000.0,280732000.0,0.0,0.0,0.162,786407000.0,385612000.0,96069000.0,0.0,18.098,82.151,77.671,247643000.0,0.0,165.44,13.282,13.448,276675000.0,407926000.0,1736305000.0,1736305000.0,321836000.0,0.091,0.206,0.246,0.241,11743000.0,455759000.0,1.0,139400000.0,141142000.0,147512000.0,12.302,2253974000.0,141659000.0,96334000.0,0.0,15.97,1050553000.0
28,ILMN,MRT,2014-06-30,2014-06-29,2014-06-29,2021-08-06,1333000.0,3035055000.0,2981331750.0,1620721000.0,1414334000.0,0.541,8.274,-97702000.0,675221000.0,675221000.0,564457000.0,218600000.0,2.496,1.809,1270963000.0,298018000.0,972945000.0,1270963000.0,0.0,109978000.0,0.0,0.0,0.0,341333000.0,451311000.0,0.28,451311000.0,341333000.0,301770000.0,1.72,1.51,1.72,1080436000.0,1390428750.0,1080436000.0,22504183000.0,66.0,49.864,327390000.0,2.507,1.0,1048018000.0,0.65,1026498000.0,39563000.0,1955092000.0,1637285000.0,177534000.0,427835000.0,427835000.0,0.0,1954619000.0,649207000.0,1305412000.0,22174680000.0,-108390000.0,-178340000.0,-94898000.0,1100919000.0,0.0,-253942000.0,-281715000.0,-5673000.0,425092000.0,2175000.0,218600000.0,218600000.0,218600000.0,0.0,0.0,0.136,736435000.0,311583000.0,91513000.0,0.0,20.524,101.44,100.407,230113000.0,0.0,172.7,13.752,13.986,258694000.0,314437000.0,1612475000.0,1612475000.0,307711000.0,0.073,0.157,0.208,0.212,7408000.0,431488000.0,1.0,128400000.0,130583000.0,149121000.0,12.348,2008557000.0,115055000.0,83170000.0,0.0,15.381,971514000.0
29,ILMN,MRT,2014-03-31,2014-03-30,2014-03-30,2021-08-06,1208000.0,3053570000.0,2928368500.0,1631943000.0,1421627000.0,0.516,12.28,-88254000.0,518513000.0,518513000.0,540114000.0,207872000.0,1.419,0.94,848016000.0,848016000.0,0.0,848016000.0,0.0,105801000.0,0.0,0.0,0.0,330350000.0,436151000.0,0.289,436151000.0,330350000.0,290664000.0,1.65,1.46,1.65,1573613000.0,1467467750.0,1573613000.0,18363920000.0,56.0,42.105,247414000.0,1.931,1.0,970887000.0,0.643,1040243000.0,39686000.0,1193051000.0,1541400500.0,164231000.0,573289000.0,573289000.0,0.0,1479957000.0,1149779000.0,330178000.0,18206964000.0,75431000.0,-178390000.0,-41759000.0,-40448000.0,0.0,-111637000.0,-149015000.0,117629000.0,335668000.0,415000.0,207872000.0,207872000.0,207872000.0,0.0,0.0,0.138,699537000.0,271350000.0,86471000.0,0.0,11.57,87.587,86.073,210372000.0,0.0,142.02,12.05,12.045,293045000.0,267832000.0,1511001000.0,1511001000.0,292334000.0,0.071,0.142,0.214,0.219,13103000.0,405539000.0,1.0,128200000.0,128146000.0,150619000.0,11.791,2013327000.0,141685000.0,82792000.0,0.0,15.711,482164000.0
30,ILMN,MRT,2013-12-31,2013-12-29,2013-12-29,2021-08-06,1234000.0,3019006000.0,2851023000.0,1617535000.0,1401471000.0,0.498,12.258,-90559000.0,711637000.0,711637000.0,509291000.0,125308000.0,5.022,0.969,868593000.0,29288000.0,839305000.0,868593000.0,0.0,97925000.0,0.0,0.0,0.0,199004000.0,296929000.0,0.209,296929000.0,199004000.0,159314000.0,1.0,0.9,1.0,1533202000.0,1402021250.0,1533202000.0,14119259999.0,71.0,47.551,295862000.0,2.365,1.0,911887000.0,0.642,1054234000.0,39690000.0,1799665000.0,1700847750.0,154099000.0,453966000.0,453966000.0,0.0,1485804000.0,322063000.0,1163741000.0,13951595999.0,277656000.0,-523501000.0,44440000.0,-10852000.0,0.0,-38719000.0,-69649000.0,544411000.0,386421000.0,-397000.0,125308000.0,125308000.0,125308000.0,0.0,0.0,0.088,777780000.0,134107000.0,73655000.0,0.0,9.1,111.338,110.38,202666000.0,0.0,110.38,9.817,9.714,238946000.0,207855000.0,1421178000.0,1421178000.0,276743000.0,0.044,0.089,0.117,0.14,49148000.0,381040000.0,1.0,126396050.0,125076000.0,139936000.0,11.363,1964772000.0,124556000.0,34006000.0,0.0,15.709,1295472000.0
31,ILMN,MRT,2013-09-30,2013-09-29,2013-09-29,2021-08-06,1368000.0,2817696000.0,2737792750.0,1537646000.0,1280050000.0,0.491,10.955,-72750000.0,691836000.0,691836000.0,486829000.0,116550000.0,3.67,1.05,859500000.0,28810000.0,830690000.0,859500000.0,0.0,89377000.0,0.0,0.0,0.0,182180000.0,271557000.0,0.202,271557000.0,182180000.0,142848000.0,0.94,0.83,0.94,1374464000.0,1348366000.0,1374464000.0,10204323469.0,56.0,37.577,265708000.0,2.118,1.0,856288000.0,0.638,965103000.0,39332000.0,1601332000.0,1793527250.0,159866000.0,336155000.0,336155000.0,0.0,1443232000.0,418925000.0,1024307000.0,10136034469.0,348747000.0,-437478000.0,15844000.0,-10721000.0,0.0,-88317000.0,99772000.0,610000000.0,338458000.0,-1166000.0,116550000.0,116550000.0,116550000.0,0.0,0.0,0.087,736619000.0,119669000.0,63126000.0,0.0,7.375,86.967,86.181,193649000.0,0.0,81.01,7.547,7.567,235437000.0,127187000.0,1343117000.0,1343117000.0,256922000.0,0.043,0.086,0.102,0.136,64711000.0,349106000.0,1.0,125120781.0,125465000.0,140601000.0,10.705,1852593000.0,128771000.0,26298000.0,0.0,14.766,1118721000.0
32,ILMN,MRT,2013-06-30,2013-06-30,2013-06-30,2021-08-06,1163000.0,2823202000.0,2642864500.0,1646391000.0,1176811000.0,0.481,11.166,-82797000.0,783611000.0,783611000.0,429970000.0,114941000.0,3.93,1.033,851900000.0,29731000.0,822169000.0,851900000.0,0.0,78788000.0,0.0,0.0,0.0,188207000.0,266995000.0,0.21,266995000.0,188207000.0,149346000.0,0.93,0.83,0.93,1388592000.0,1310303500.0,1388592000.0,9716789709.0,52.0,36.393,223753000.0,1.799,1.0,842221000.0,0.662,901057000.0,38861000.0,1571554000.0,1923255750.0,168070000.0,345852000.0,345852000.0,0.0,1434610000.0,418880000.0,1015730000.0,9308489709.0,467199000.0,-428317000.0,-32626000.0,-9140000.0,0.0,-21329000.0,183962000.0,695076000.0,306550000.0,-1984000.0,114941000.0,114941000.0,114941000.0,0.0,0.0,0.09,719202000.0,123019000.0,67648000.0,0.0,6.704,80.985,80.473,187362000.0,0.0,74.84,7.317,7.316,207413000.0,95837000.0,1272191000.0,1272191000.0,240021000.0,0.043,0.088,0.098,0.148,71497000.0,323280000.0,1.0,124378537.0,124362000.0,139377000.0,10.23,1922145000.0,94602000.0,34405000.0,0.0,15.456,1227511000.0
33,ILMN,MRT,2013-03-31,2013-03-31,2013-03-31,2021-08-06,1703000.0,2744188000.0,2524248500.0,1550773000.0,1193415000.0,0.478,10.599,-89867000.0,443082000.0,443082000.0,394895000.0,102465000.0,3.783,1.092,851382000.0,37641000.0,813741000.0,851382000.0,0.0,70423000.0,0.0,0.0,0.0,173097000.0,243520000.0,0.202,243520000.0,173097000.0,134773000.0,0.83,0.75,0.83,1311827000.0,1258351250.0,1311827000.0,7104111901.0,41.0,29.173,224406000.0,1.813,1.0,811809000.0,0.673,911707000.0,38324000.0,1830840000.0,2067115500.0,167959000.0,624388000.0,624388000.0,0.0,1432361000.0,409941000.0,1022420000.0,6695719901.0,182888000.0,-428267000.0,-64059000.0,-58000.0,0.0,-57377000.0,-73163000.0,444971000.0,314273000.0,-845000.0,102465000.0,102465000.0,102465000.0,0.0,0.0,0.085,705816000.0,105993000.0,76627000.0,0.0,5.104,65.346,65.036,186792000.0,0.0,53.98,5.549,5.537,210831000.0,59960000.0,1206704000.0,1206704000.0,243636000.0,0.041,0.081,0.084,0.143,78947000.0,303096000.0,1.0,124040754.0,123768000.0,123768000.0,9.75,1832481000.0,95634000.0,32308000.0,0.0,14.806,1140832000.0
34,ILMN,MRT,2012-12-31,2012-12-30,2012-12-30,2021-08-06,2123000.0,2566085000.0,2413570000.0,1787048000.0,779037000.0,0.476,10.72,-81009000.0,433981000.0,433981000.0,374988000.0,151254000.0,5.867,0.946,842373000.0,36967000.0,805406000.0,842373000.0,0.0,65319000.0,0.0,0.0,0.0,260387000.0,325706000.0,0.284,325706000.0,260387000.0,222608000.0,1.23,1.13,1.23,1318581000.0,1220437500.0,1318581000.0,7245646609.0,28.0,22.246,210864000.0,1.714,1.0,773528000.0,0.674,499523000.0,37779000.0,2170383000.0,2144271000.0,158718000.0,916223000.0,916223000.0,0.0,1247504000.0,304571000.0,942933000.0,6755266609.0,131003000.0,-83156000.0,-28164000.0,0.0,0.0,-10755000.0,-150012000.0,14153000.0,291873000.0,-103000.0,151254000.0,151254000.0,151254000.0,0.0,0.0,0.132,572776000.0,200752000.0,65727000.0,0.0,5.123,44.662,44.512,166167000.0,0.0,54.75,5.882,5.863,214975000.0,82547000.0,1148516000.0,1148516000.0,231025000.0,0.063,0.124,0.121,0.227,73541000.0,285991000.0,1.0,123383865.0,122999000.0,133693000.0,9.338,2066562000.0,70634000.0,71354000.0,0.0,16.801,1482477000.0
35,ILMN,MRT,2012-09-30,2012-09-30,2012-09-30,2021-08-06,2447000.0,2437983000.0,2321008750.0,1646236000.0,791747000.0,0.469,9.942,-90773000.0,343089000.0,343089000.0,348855000.0,91071000.0,5.431,0.995,833469000.0,36307000.0,797162000.0,833469000.0,0.0,66088000.0,0.0,0.0,0.0,176305000.0,242393000.0,0.223,242393000.0,176305000.0,138927000.0,0.74,0.7,0.74,1222214000.0,1159596000.0,1222214000.0,6435139763.0,37.0,26.548,230524000.0,1.875,1.0,740467000.0,0.68,505018000.0,37378000.0,2120246000.0,2112920750.0,147684000.0,889977000.0,889977000.0,0.0,1215769000.0,303099000.0,912670000.0,5926883763.0,113243000.0,-83156000.0,-17433000.0,0.0,0.0,3135000.0,-211583000.0,-37654000.0,321297000.0,394000.0,91071000.0,91071000.0,91071000.0,0.0,0.0,0.084,571762000.0,168705000.0,74971000.0,0.0,4.849,65.08,65.122,154869000.0,0.0,48.19,5.441,5.438,218145000.0,10640000.0,1089322000.0,1089322000.0,219631000.0,0.039,0.079,0.083,0.162,73534000.0,267194000.0,1.0,122989910.0,122930000.0,132507000.0,8.861,1932965000.0,81639000.0,47856000.0,0.0,15.724,1343137000.0
36,ILMN,MRT,2012-06-30,2012-07-01,2012-07-01,2021-08-06,2203000.0,2348738000.0,2248277750.0,1664372000.0,684366000.0,0.462,9.583,-83975000.0,316412000.0,316412000.0,337238000.0,81474000.0,5.564,0.989,824668000.0,35660000.0,789008000.0,824668000.0,0.0,67301000.0,0.0,0.0,0.0,159765000.0,227066000.0,0.219,227066000.0,159765000.0,123073000.0,0.67,0.63,0.67,1180783000.0,1112927500.0,1180783000.0,5541839124.0,35.0,24.406,276136000.0,2.241,1.0,701709000.0,0.675,410860000.0,36692000.0,2146993000.0,2079671750.0,133844000.0,985274000.0,985274000.0,0.0,1167955000.0,299141000.0,868814000.0,4986065124.0,55328000.0,0.0,-194042000.0,-8965000.0,0.0,-176630000.0,-127377000.0,-43402000.0,360111000.0,-776000.0,81474000.0,81474000.0,81474000.0,0.0,0.0,0.078,545054000.0,156655000.0,56668000.0,0.0,4.223,61.198,60.284,147917000.0,0.0,40.39,4.799,4.79,188562000.0,-19108000.0,1038947000.0,1038947000.0,215974000.0,0.036,0.073,0.077,0.154,69224000.0,263434000.0,1.0,123448010.0,123214000.0,133011000.0,8.432,1937878000.0,72773000.0,41599000.0,0.0,15.728,1365231000.0
37,ILMN,MRT,2012-03-31,2012-04-01,2012-04-01,2021-08-06,2263000.0,2301474000.0,2225339750.0,1637291000.0,664183000.0,0.47,9.46,-80220000.0,260194000.0,260194000.0,343722000.0,88693000.0,5.589,0.984,815968000.0,35025000.0,780943000.0,815968000.0,0.0,68805000.0,0.0,0.0,0.0,173912000.0,242717000.0,0.232,242717000.0,173912000.0,137310000.0,0.73,0.67,0.73,1160172000.0,1109807750.0,1160172000.0,6940015575.0,40.0,28.593,254782000.0,2.077,1.0,702068000.0,0.671,424860000.0,36602000.0,2139462000.0,2061625750.0,128684000.0,1006169000.0,1006169000.0,0.0,1141302000.0,292926000.0,848376000.0,6435624575.0,-150147000.0,0.0,-166962000.0,20753000.0,0.0,-94849000.0,-389993000.0,-309773000.0,335002000.0,-307000.0,88693000.0,88693000.0,88693000.0,0.0,0.0,0.085,522383000.0,179685000.0,59861000.0,0.0,5.547,72.561,72.068,143494000.0,0.0,52.61,6.154,6.17,202234000.0,-42510000.0,1045790000.0,1045790000.0,195552000.0,0.04,0.08,0.084,0.166,47234000.0,264151000.0,1.0,122327021.0,122642000.0,133859000.0,8.527,1876614000.0,49171000.0,48617000.0,0.0,15.302,1344365000.0
38,ILMN,MRT,2011-12-31,2012-01-01,2012-01-01,2021-08-06,2117000.0,2195840000.0,2180758500.0,1544619000.0,651221000.0,0.484,8.713,-79550000.0,302978000.0,302978000.0,346437000.0,86628000.0,6.807,1.042,807369000.0,0.0,807369000.0,807369000.0,0.0,69192000.0,0.0,0.0,0.0,167835000.0,237027000.0,0.225,237027000.0,167835000.0,133045000.0,0.7,0.62,0.7,1075215000.0,1085821250.0,1075215000.0,4270493437.0,25.0,18.017,278590000.0,2.258,1.0,709098000.0,0.672,428328000.0,34790000.0,2044982000.0,1949745000.0,128781000.0,886590000.0,886590000.0,0.0,1120625000.0,226921000.0,893704000.0,3701469437.0,54031000.0,-58302000.0,-508468000.0,553618000.0,0.0,97016000.0,-400999000.0,-263147000.0,358140000.0,-126000.0,86628000.0,86628000.0,86628000.0,0.0,0.0,0.082,509637000.0,199461000.0,49806000.0,0.0,3.443,42.728,43.543,143483000.0,0.0,30.48,3.507,3.563,173886000.0,-68707000.0,1055535000.0,1055535000.0,196913000.0,0.04,0.08,0.086,0.159,45738000.0,261843000.0,1.0,121439286.0,123399000.0,138937000.0,8.554,1767512000.0,42863000.0,46417000.0,0.0,14.324,1317698000.0
39,ILMN,MRT,2011-09-30,2011-10-02,2011-10-02,2021-08-06,2086000.0,2147059000.0,2091576750.0,1504214000.0,642845000.0,0.51,8.483,-64320000.0,229846000.0,229846000.0,362124000.0,113348000.0,5.061,1.073,798870000.0,33793000.0,765077000.0,798870000.0,0.0,61692000.0,0.0,0.0,0.0,195530000.0,257222000.0,0.241,257222000.0,195530000.0,163606000.0,0.92,0.79,0.92,1035540000.0,1116436250.0,1035540000.0,5624822102.0,29.0,21.868,267001000.0,2.187,1.0,704638000.0,0.661,431620000.0,31924000.0,1987250000.0,1687897000.0,139265000.0,902344000.0,902344000.0,0.0,1111519000.0,297213000.0,814306000.0,5087983102.0,19079000.0,-58303000.0,-506187000.0,553618000.0,0.0,115712000.0,-428096000.0,-305473000.0,331321000.0,358000.0,113348000.0,113348000.0,113348000.0,0.0,0.0,0.106,463809000.0,240829000.0,52249000.0,0.0,4.913,44.888,44.478,135393000.0,0.0,40.92,4.77,4.683,169052000.0,-80432000.0,1066762000.0,1066762000.0,197201000.0,0.054,0.102,0.116,0.183,21836000.0,262959000.0,1.0,124339763.0,122079000.0,135966000.0,8.738,1715439000.0,44478000.0,50258000.0,0.0,14.052,1207001000.0
40,ILMN,MRT,2011-06-30,2011-07-03,2011-07-03,2021-08-06,2347000.0,2256986000.0,1986117250.0,1623315000.0,633671000.0,0.538,9.463,-59751000.0,261084000.0,261084000.0,363904000.0,128644000.0,5.707,0.932,797923000.0,40649000.0,757274000.0,797923000.0,0.0,55292000.0,0.0,0.0,0.0,219842000.0,275134000.0,0.257,275134000.0,219842000.0,190525000.0,1.03,0.88,1.03,1168304000.0,1134581500.0,1168304000.0,9712328320.0,44.0,35.3,236356000.0,1.914,1.0,704668000.0,0.659,434561000.0,29317000.0,2074809000.0,1433507250.0,142583000.0,972830000.0,972830000.0,0.0,1088682000.0,284455000.0,804227000.0,9359263320.0,23897000.0,-81444000.0,-314398000.0,562583000.0,0.0,315950000.0,-589069000.0,-447874000.0,296107000.0,909000.0,128644000.0,128644000.0,128644000.0,0.0,0.0,0.12,443268000.0,261400000.0,58270000.0,0.0,8.011,72.753,73.796,129762000.0,0.0,76.01,8.759,8.782,193431000.0,-100584000.0,1068572000.0,1068572000.0,191606000.0,0.065,0.113,0.153,0.206,15741000.0,251934000.0,1.0,123132000.0,123456000.0,141765000.0,8.655,1822425000.0,39440000.0,61881000.0,0.0,14.762,1338860000.0
41,ILMN,MRT,2011-03-31,2011-04-03,2011-04-03,2021-08-06,1120000.0,2123149000.0,1832342000.0,1511473000.0,611676000.0,0.542,8.412,-57702000.0,410341000.0,410341000.0,335722000.0,127820000.0,4.377,0.995,763406000.0,111323000.0,652083000.0,763406000.0,0.0,48812000.0,0.0,0.0,0.0,214060000.0,262872000.0,0.265,262872000.0,214060000.0,188027000.0,1.02,0.87,1.02,1064226000.0,1101745500.0,1064226000.0,9093478043.0,42.0,34.593,244384000.0,1.932,1.0,657403000.0,0.662,438962000.0,26033000.0,1691939000.0,1135162500.0,150708000.0,724297000.0,724297000.0,0.0,1058923000.0,345313000.0,713610000.0,9030816043.0,197116000.0,-146513000.0,-273161000.0,532865000.0,0.0,307649000.0,-413265000.0,-209050000.0,302086000.0,646000.0,127820000.0,127820000.0,127820000.0,0.0,0.0,0.129,414585000.0,242818000.0,66287000.0,0.0,8.486,70.653,69.373,125185000.0,0.0,70.76,9.093,9.014,181924000.0,-131204000.0,993125000.0,993125000.0,184472000.0,0.07,0.116,0.189,0.216,28740000.0,235836000.0,1.0,127626004.0,126517000.0,153129000.0,7.85,1684187000.0,19449000.0,60207000.0,0.0,13.312,1166160000.0
42,ILMN,MRT,2010-12-31,2011-01-02,2011-01-02,2021-08-06,1765000.0,1839113000.0,1677857500.0,1258398000.0,580715000.0,0.538,9.691,-56468000.0,248947000.0,248947000.0,301201000.0,124891000.0,2.354,0.536,311609000.0,311609000.0,0.0,311609000.0,0.0,42009000.0,0.0,0.0,0.0,209977000.0,251986000.0,0.279,251986000.0,209977000.0,185379000.0,1.01,0.87,1.01,1197675000.0,1071138250.0,1197675000.0,8015624376.0,38.0,31.81,216105000.0,1.749,1.0,601540000.0,0.666,369668000.0,24598000.0,997590000.0,933686500.0,142211000.0,645342000.0,645342000.0,0.0,641438000.0,534517000.0,106921000.0,7920285376.0,104314000.0,-98211000.0,74029000.0,0.0,0.0,116474000.0,-285053000.0,-130374000.0,272573000.0,320000.0,124891000.0,124891000.0,124891000.0,0.0,0.0,0.138,389886000.0,211654000.0,66744000.0,0.0,6.613,63.418,62.713,129874000.0,0.0,63.34,8.774,8.671,165598000.0,-155335000.0,902741000.0,902741000.0,177947000.0,0.074,0.117,0.225,0.233,29200000.0,220454000.0,1.0,125043975.0,123581000.0,143433000.0,7.305,1469445000.0,58875000.0,60488000.0,0.0,11.891,723881000.0
43,ILMN,MRT,2010-09-30,2010-10-03,2010-10-03,2021-08-06,2565000.0,1725221000.0,1575563500.0,1140347000.0,584874000.0,0.522,8.887,-53719000.0,210767000.0,210767000.0,261067000.0,98156000.0,2.279,0.557,306106000.0,306106000.0,0.0,306106000.0,0.0,38036000.0,0.0,0.0,0.0,181521000.0,219557000.0,0.267,219557000.0,181521000.0,156885000.0,0.8,0.7,0.8,1108121000.0,987781500.0,1108121000.0,6164709542.0,34.0,28.078,198662000.0,1.593,1.0,560940000.0,0.682,350445000.0,24636000.0,969691000.0,903546500.0,130029000.0,596049000.0,596049000.0,0.0,617100000.0,500424000.0,116676000.0,6101191542.0,-27761000.0,-98210000.0,-96012000.0,0.0,0.0,-81219000.0,-199443000.0,-47514000.0,252381000.0,304000.0,98156000.0,98156000.0,98156000.0,0.0,0.0,0.119,392265000.0,168675000.0,59792000.0,0.0,5.506,62.158,61.362,126269000.0,0.0,49.09,7.422,7.446,170618000.0,-193779000.0,822007000.0,822007000.0,172514000.0,0.062,0.099,0.201,0.221,53488000.0,207890000.0,1.0,124285833.0,124684000.0,145205000.0,6.593,1374776000.0,54346000.0,58729000.0,0.0,11.026,639923000.0
44,ILMN,MRT,2010-06-30,2010-07-04,2010-07-04,2021-08-06,2612000.0,1641885000.0,1529687250.0,1088267000.0,553618000.0,0.486,8.424,-55804000.0,237187000.0,237187000.0,232137000.0,79786000.0,2.258,0.583,300705000.0,300705000.0,0.0,300705000.0,0.0,35151000.0,0.0,0.0,0.0,154048000.0,189199000.0,0.255,189199000.0,154048000.0,129638000.0,0.66,0.58,0.66,1036960000.0,961281250.0,1036960000.0,5330249841.0,35.0,28.173,162534000.0,1.32,1.0,510921000.0,0.688,342117000.0,24410000.0,881430000.0,886982000.0,119445000.0,548193000.0,548193000.0,0.0,604925000.0,481856000.0,123069000.0,5248070841.0,-114910000.0,-76394000.0,-89905000.0,0.0,0.0,-68286000.0,-264565000.0,-132367000.0,218338000.0,-397000.0,79786000.0,79786000.0,79786000.0,0.0,0.0,0.107,370282000.0,140639000.0,57574000.0,0.0,5.061,65.777,65.288,122398000.0,0.0,43.09,7.063,7.138,147939000.0,-229218000.0,743058000.0,743058000.0,162116000.0,0.052,0.083,0.174,0.207,43275000.0,194980000.0,1.0,121793243.0,123095000.0,140951000.0,6.036,1299768000.0,64737000.0,49852000.0,0.0,10.559,606411000.0
45,ILMN,MRT,2010-03-31,2010-04-04,2010-04-04,2021-08-06,2652000.0,1505211000.0,1488508000.0,1040514000.0,464697000.0,0.465,7.805,-54684000.0,213225000.0,213225000.0,216710000.0,74678000.0,2.334,0.598,295404000.0,295404000.0,0.0,295404000.0,0.0,32921000.0,0.0,0.0,0.0,142124000.0,175045000.0,0.253,175045000.0,142124000.0,118135000.0,0.62,0.55,0.62,941797000.0,936976250.0,941797000.0,4873317106.0,34.0,27.84,125824000.0,1.043,1.0,475988000.0,0.687,255515000.0,23989000.0,886035000.0,848109000.0,100623000.0,534755000.0,534755000.0,0.0,563414000.0,445840000.0,117574000.0,4727748106.0,-137921000.0,-11325000.0,-116188000.0,0.0,0.0,-72369000.0,-241415000.0,-175406000.0,180508000.0,-4645000.0,74678000.0,74678000.0,74678000.0,0.0,0.0,0.108,346675000.0,129313000.0,47550000.0,0.0,5.02,63.308,63.387,118014000.0,0.0,39.3,6.825,6.846,156030000.0,-259018000.0,692698000.0,692698000.0,151566000.0,0.05,0.08,0.168,0.205,19131000.0,183784000.0,1.0,120298934.0,120668000.0,136407000.0,5.741,1249696000.0,66570000.0,43457000.0,0.0,10.356,594674000.0
46,ILMN,MRT,2009-12-31,2010-01-03,2010-01-03,2021-08-06,2830000.0,1429937000.0,1455347750.0,981590000.0,448347000.0,0.458,7.018,-56073000.0,144633000.0,144633000.0,212449000.0,72281000.0,2.225,0.655,290202000.0,290202000.0,0.0,290202000.0,0.0,31184000.0,0.0,0.0,0.0,137843000.0,169027000.0,0.254,169027000.0,137843000.0,114125000.0,0.59,0.53,0.59,864248000.0,915310750.0,864248000.0,3884019925.0,28.0,22.979,116118000.0,0.943,1.0,453875000.0,0.681,257240000.0,23718000.0,877030000.0,786125500.0,92776000.0,548894000.0,548894000.0,0.0,565689000.0,441236000.0,124453000.0,3837839925.0,-182391000.0,-1325000.0,-128181000.0,-10000000.0,0.0,-98862000.0,-256569000.0,-199171000.0,172191000.0,849000.0,72281000.0,72281000.0,72281000.0,0.0,0.0,0.108,328278000.0,125597000.0,52781000.0,0.0,4.441,53.096,52.0,117188000.0,0.0,30.68,5.76,5.67,157751000.0,-280226000.0,666324000.0,666324000.0,140616000.0,0.05,0.079,0.175,0.207,21492000.0,176337000.0,1.0,125092566.0,123154000.0,137096000.0,5.41,1172697000.0,67392000.0,41844000.0,0.0,9.522,540354000.0
47,ILMN,MRT,2009-09-30,2009-09-27,2009-09-27,2021-08-06,3237000.0,1541716000.0,1429656250.0,1031356000.0,510360000.0,0.452,8.045,-60842000.0,238528000.0,238528000.0,226572000.0,86668000.0,2.499,0.538,284708000.0,284708000.0,0.0,284708000.0,0.0,31001000.0,0.0,0.0,0.0,166388000.0,197389000.0,0.305,197389000.0,166388000.0,126817000.0,0.71,0.64,0.71,1002120000.0,898915500.0,1002120000.0,4975077491.0,30.0,25.204,100177000.0,0.804,1.0,420115000.0,0.65,271821000.0,39571000.0,903433000.0,724213250.0,80849000.0,576852000.0,521402000.0,55450000.0,539596000.0,412642000.0,126954000.0,5047471491.0,-116691000.0,-1325000.0,-24705000.0,-10000000.0,0.0,22873000.0,-303344000.0,-241177000.0,161019000.0,2761000.0,86668000.0,86668000.0,86668000.0,0.0,0.0,0.134,284130000.0,135985000.0,41751000.0,0.0,5.037,58.239,57.268,116701000.0,0.0,40.66,7.805,7.831,162905000.0,-291932000.0,646687000.0,646687000.0,128587000.0,0.061,0.096,0.23,0.257,-1426000.0,166072000.0,1.0,124138502.0,124557000.0,139874000.0,5.192,1269895000.0,53748000.0,40149000.0,0.0,10.195,618714000.0
48,ILMN,MRT,2009-06-30,2009-06-28,2009-06-28,2021-08-06,2837000.0,1477168000.0,1384557750.0,981759000.0,495409000.0,0.461,7.609,-56461000.0,352097000.0,352097000.0,229768000.0,59513000.0,2.422,0.572,279703000.0,279703000.0,0.0,279703000.0,0.0,29961000.0,0.0,0.0,0.0,132347000.0,162308000.0,0.254,162308000.0,132347000.0,98740000.0,0.49,0.44,0.49,939740000.0,861633750.0,939740000.0,4618458390.0,35.0,28.455,111070000.0,0.899,1.0,408819000.0,0.64,273539000.0,33607000.0,725938000.0,657432500.0,70666000.0,438222000.0,382472000.0,55750000.0,537428000.0,405297000.0,132131000.0,4694813390.0,219129000.0,-24666000.0,320266000.0,-9999000.0,0.0,354468000.0,-308870000.0,-227743000.0,167531000.0,6000000.0,59513000.0,59513000.0,59513000.0,0.0,0.0,0.093,300597000.0,108222000.0,41158000.0,0.0,4.996,78.887,77.878,103907000.0,0.0,38.16,7.352,7.381,154251000.0,-309010000.0,638587000.0,638587000.0,121748000.0,0.043,0.069,0.201,0.207,10117000.0,163341000.0,1.0,123029701.0,123511000.0,139465000.0,5.17,1203629000.0,47547000.0,39227000.0,0.0,9.745,576462000.0
49,ILMN,MRT,2009-03-31,2009-03-29,2009-03-29,2021-08-06,1872000.0,1372570000.0,1263437000.0,897167000.0,475403000.0,0.488,7.024,-65299000.0,351146000.0,351146000.0,229742000.0,47484000.0,2.341,0.605,274791000.0,274791000.0,0.0,274791000.0,0.0,28805000.0,0.0,0.0,0.0,111800000.0,140605000.0,0.228,140605000.0,111800000.0,83906000.0,0.4,0.35,0.4,855135000.0,749636750.0,855135000.0,4579493508.0,41.0,32.57,100086000.0,0.822,1.0,387379000.0,0.628,274802000.0,27894000.0,638101000.0,598929000.0,69182000.0,377344000.0,321444000.0,55900000.0,517435000.0,383312000.0,134123000.0,4506518508.0,232532000.0,-24666000.0,321011000.0,-10006000.0,0.0,329506000.0,-272944000.0,-182979000.0,165385000.0,10585000.0,47484000.0,47484000.0,47484000.0,0.0,0.0,0.077,291388000.0,95991000.0,36591000.0,0.0,5.27,94.906,93.05,96552000.0,0.0,37.22,7.302,7.343,134629000.0,-333698000.0,617121000.0,617121000.0,112124000.0,0.038,0.063,0.187,0.181,33190000.0,157018000.0,1.0,121077875.0,121746000.0,132967000.0,5.069,1097768000.0,32655000.0,36422000.0,0.0,9.017,513855000.0
50,ILMN,MRT,2008-12-31,2008-12-28,2008-12-28,2021-08-06,2422000.0,1327171000.0,1154232500.0,869561000.0,457610000.0,0.497,6.835,-95693000.0,327024000.0,327024000.0,220131000.0,39416000.0,2.25,0.662,276889000.0,276889000.0,0.0,276889000.0,0.0,27723000.0,0.0,0.0,0.0,94897000.0,122620000.0,0.214,122620000.0,94897000.0,72687000.0,0.34,0.3,0.34,798667000.0,648625250.0,798667000.0,3183372125.0,34.0,25.961,-7811000.0,-0.067,1.0,353094000.0,0.616,261207000.0,22210000.0,629381000.0,555202750.0,73431000.0,368951000.0,313051000.0,55900000.0,528504000.0,386448000.0,142056000.0,3138004125.0,152083000.0,-24666000.0,319186000.0,-15000.0,0.0,337672000.0,-277249000.0,-156890000.0,87882000.0,3778000.0,39416000.0,39416000.0,39416000.0,0.0,0.0,0.069,272637000.0,80457000.0,29204000.0,0.0,3.929,79.612,74.588,89436000.0,0.0,25.36,5.474,5.17,133266000.0,-352507000.0,573225000.0,573225000.0,99963000.0,0.034,0.061,0.171,0.166,29187000.0,148014000.0,1.0,123738333.0,116855000.0,133607000.0,4.905,1065964000.0,54877000.0,33271000.0,0.0,9.122,483113000.0
51,ILMN,MRT,2008-09-30,2008-09-28,2008-09-28,2021-08-06,0.0,1361322000.0,1069372750.0,875226000.0,486096000.0,0.491,7.124,-90223000.0,355219000.0,355219000.0,191067000.0,330000.0,1.781,0.596,400587000.0,400127000.0,460000.0,400587000.0,0.0,23904000.0,0.0,0.0,0.0,12725000.0,36629000.0,0.07,36629000.0,12725000.0,-6415000.0,0.03,-0.01,0.03,852993000.0,551878000.0,852993000.0,5114487726.0,402.0,139.629,-40605000.0,-0.339,1.0,333836000.0,0.636,279033000.0,19140000.0,636310000.0,587918000.0,72953000.0,345995000.0,294428000.0,51567000.0,508329000.0,491347000.0,16982000.0,4847455726.0,291112000.0,-24674000.0,397469000.0,-25000.0,0.0,417530000.0,-177645000.0,-62748000.0,49618000.0,1609000.0,330000.0,330000.0,330000.0,0.0,0.0,0.001,322214000.0,11622000.0,91220000.0,0.0,5.683,14689.26,1413.333,82198000.0,0.0,42.4,9.235,9.672,124161000.0,,524903000.0,524903000.0,91674000.0,0.0,0.001,0.022,0.024,25400000.0,138827000.0,1.0,114326786.0,119733000.0,119733000.0,4.384,1082289000.0,81405000.0,-6745000.0,0.0,9.039,383879000.0
52,ILMN,MRT,2008-06-30,2008-06-29,2008-06-29,2021-08-06,0.0,992685000.0,931594500.0,506656000.0,486029000.0,0.507,4.33,-80324000.0,132968000.0,132968000.0,173715000.0,24911000.0,1.042,1.019,400000000.0,400000000.0,0.0,400000000.0,0.0,20143000.0,0.0,0.0,0.0,33027000.0,53170000.0,0.113,53170000.0,33027000.0,13887000.0,0.24,0.19,0.24,491752000.0,418944250.0,491752000.0,5178425666.0,157.0,97.394,-52688000.0,-0.464,1.0,298438000.0,0.632,281745000.0,19140000.0,491924000.0,627652000.0,67972000.0,223132000.0,170307000.0,52825000.0,500933000.0,486048000.0,14885000.0,4897033666.0,51851000.0,-457000.0,51010000.0,-69000.0,0.0,71027000.0,-45269000.0,35512000.0,27636000.0,-1543000.0,24911000.0,24911000.0,24911000.0,0.0,0.0,0.053,272642000.0,25796000.0,86048000.0,0.0,9.958,196.581,180.812,72125000.0,0.0,43.395,10.372,10.438,101985000.0,,472153000.0,472153000.0,83860000.0,0.027,0.059,0.053,0.07,21328000.0,123769000.0,1.0,112847878.0,113574000.0,133396000.0,4.157,710940000.0,90987000.0,-11024000.0,0.0,6.26,20608000.0
53,ILMN,MRT,2008-03-31,2008-03-30,2008-03-30,2021-08-06,0.0,935752000.0,876816750.0,464662000.0,471090000.0,0.475,4.04,-64110000.0,118614000.0,118614000.0,153397000.0,21516000.0,0.99,1.074,400006000.0,400006000.0,0.0,400006000.0,0.0,17049000.0,0.0,0.0,0.0,27432000.0,44481000.0,0.107,44481000.0,27432000.0,8292000.0,0.215,0.18,0.215,451089000.0,367715000.0,451089000.0,4352071398.0,159.0,97.841,-49214000.0,-0.441,1.0,263114000.0,0.632,284424000.0,19140000.0,463196000.0,690625500.0,54817000.0,210184000.0,156688000.0,53496000.0,484663000.0,469524000.0,15139000.0,4126996398.0,-4915000.0,-4670000.0,132218000.0,-543000.0,0.0,59321000.0,-77399000.0,-8619000.0,14896000.0,-1733000.0,21516000.0,21516000.0,21516000.0,0.0,0.0,0.052,248938000.0,14176000.0,69518000.0,0.0,9.149,191.811,172.791,55035000.0,0.0,37.15,9.908,9.96,91412000.0,,416511000.0,416511000.0,78551000.0,0.025,0.059,0.04,0.066,16839000.0,111450000.0,1.0,111090078.0,111668000.0,127528000.0,3.73,651328000.0,99206000.0,-13224000.0,0.0,5.833,-4862000.0
54,ILMN,MRT,2007-12-31,2007-12-30,2007-12-30,2021-08-06,1347000.0,987732000.0,828588000.0,562755000.0,424977000.0,0.443,3.801,-24386000.0,174941000.0,174941000.0,132436000.0,-287305000.0,3.396,1.399,400016000.0,16000.0,400000000.0,400016000.0,0.0,13893000.0,0.0,0.0,0.0,-285223000.0,-271330000.0,-0.74,-271330000.0,-285223000.0,-303520000.0,-2.65,-2.65,-2.65,411678000.0,321432750.0,411678000.0,3622864135.0,-13.0,-13.352,31908000.0,0.295,1.0,234363000.0,0.639,286850000.0,18297000.0,760242000.0,744864500.0,53980000.0,211141000.0,211141000.0,0.0,576054000.0,165715000.0,410339000.0,3286946135.0,136555000.0,72075000.0,-122928000.0,390174000.0,0.0,148292000.0,-67686000.0,-115375000.0,56294000.0,-345000.0,-287305000.0,-287305000.0,-287305000.0,0.0,0.0,-0.783,535564000.0,-301201000.0,114847000.0,0.0,7.984,-11.441,-11.338,46274000.0,0.0,30.045,8.961,8.872,83119000.0,-382977000.0,366799000.0,366799000.0,73943000.0,-0.347,-0.894,-0.383,-0.778,13660000.0,101256000.0,1.0,109400770.0,108308000.0,108308000.0,3.387,700882000.0,107179000.0,-16215000.0,0.0,6.471,397040000.0
55,ILMN,MRT,2007-09-30,2007-09-30,2007-09-30,2021-08-06,0.0,810209000.0,656801000.0,486931000.0,323278000.0,0.479,2.957,-17024000.0,64107000.0,64107000.0,112458000.0,-257167000.0,6.162,1.522,400025000.0,25000.0,400000000.0,400025000.0,0.0,11794000.0,0.0,0.0,0.0,-240873000.0,-229079000.0,-0.728,-229079000.0,-240873000.0,-241433000.0,-2.385,-2.42,-2.385,321258000.0,280348750.0,321258000.0,3117995019.0,-13.0,-13.611,36198000.0,0.333,1.0,202172000.0,0.643,271860000.0,560000.0,795246000.0,611367000.0,45245000.0,288745000.0,288745000.0,0.0,488951000.0,79021000.0,409930000.0,2799070019.0,19941000.0,22083000.0,-130916000.0,390153000.0,0.0,121636000.0,-154437000.0,-159496000.0,53222000.0,-480000.0,-257167000.0,-257167000.0,-257167000.0,0.0,0.0,-0.817,454036000.0,-251864000.0,78996000.0,0.0,8.713,-10.884,-10.876,39330000.0,0.0,25.94,8.896,8.957,79886000.0,,314630000.0,314630000.0,62719000.0,-0.392,-0.917,-0.394,-0.766,26783000.0,86151000.0,1.0,107905552.0,108636000.0,118790000.0,2.896,538349000.0,0.0,15734000.0,0.0,4.956,407910000.0
56,ILMN,MRT,2007-06-30,2007-07-01,2007-07-01,2021-08-06,0.0,773574000.0,518368000.0,452186000.0,321388000.0,0.522,2.667,-15935000.0,81117000.0,81117000.0,91736000.0,-255508000.0,5.903,1.697,400042000.0,42000.0,400000000.0,400042000.0,0.0,10037000.0,0.0,0.0,0.0,-243311000.0,-233274000.0,-0.862,-233274000.0,-243311000.0,-243871000.0,-2.34,-2.38,-2.34,286835000.0,252802750.0,286835000.0,2452403178.0,-10.0,-10.513,44928000.0,0.418,1.0,178856000.0,0.661,272074000.0,560000.0,743818000.0,454746250.0,42898000.0,262145000.0,262145000.0,0.0,486739000.0,76607000.0,410132000.0,2175859178.0,-71133000.0,22532000.0,-136894000.0,390176000.0,0.0,115681000.0,-247930000.0,-254527000.0,60863000.0,253000.0,-255508000.0,-255508000.0,-255508000.0,0.0,0.0,-0.944,431176000.0,-252320000.0,76565000.0,0.0,7.586,-8.516,-8.673,36683000.0,0.0,20.295,8.041,8.067,57441000.0,,270592000.0,270592000.0,50710000.0,-0.493,-1.011,-0.535,-0.899,21870000.0,75962000.0,1.0,107211588.0,107556000.0,116122000.0,2.516,501500000.0,0.0,11637000.0,0.0,4.663,375579000.0
57,ILMN,MRT,2007-03-31,2007-04-01,2007-04-01,2021-08-06,0.0,742837000.0,382712250.0,424536000.0,318301000.0,0.595,2.489,-14261000.0,123529000.0,123529000.0,75171000.0,-258004000.0,6.362,1.793,400073000.0,67000.0,400006000.0,400073000.0,0.0,7968000.0,0.0,0.0,0.0,-250526000.0,-242558000.0,-1.066,-242558000.0,-250526000.0,-251086000.0,-2.345,-2.39,-2.345,265960000.0,227761000.0,265960000.0,1721120552.0,-7.0,-7.096,37022000.0,0.347,1.0,152463000.0,0.67,272501000.0,560000.0,680152000.0,277556500.0,36340000.0,203292000.0,203292000.0,0.0,476877000.0,66728000.0,410149000.0,1759443552.0,74485000.0,26745000.0,-134323000.0,390628000.0,0.0,211144000.0,-187917000.0,-200401000.0,51283000.0,-25000.0,-258004000.0,-258004000.0,-258004000.0,0.0,0.0,-1.133,410511000.0,-258048000.0,66661000.0,0.0,6.615,-6.819,-6.247,32807000.0,0.0,14.65,7.729,6.876,53127000.0,,227634000.0,227634000.0,41113000.0,-0.674,-1.133,-0.903,-1.101,17412000.0,65556000.0,1.0,120098536.0,106844000.0,106844000.0,2.131,470336000.0,0.0,6918000.0,0.0,4.402,357808000.0
58,ILMN,MRT,2006-12-31,2006-12-31,2006-12-31,2021-08-06,11294000.0,300584000.0,225134500.0,193726000.0,106858000.0,0.82,2.779,-15214000.0,38386000.0,38386000.0,59344000.0,39968000.0,5.736,0.215,63000.0,63000.0,0.0,63000.0,0.0,6032000.0,0.0,0.0,0.0,43180000.0,49212000.0,0.267,49212000.0,43180000.0,42620000.0,0.45,0.41,0.45,247342000.0,180951500.0,247342000.0,1784151898.0,41.0,36.254,23786000.0,0.267,1.0,125242000.0,0.679,2233000.0,560000.0,226252000.0,115070000.0,20169000.0,160202000.0,92418000.0,67784000.0,53242000.0,33776000.0,19466000.0,1828223898.0,-12436000.0,-50000000.0,107966000.0,-109000.0,0.0,109296000.0,-160735000.0,-95521000.0,39000000.0,3000.0,39968000.0,39968000.0,39968000.0,0.0,0.0,0.217,87430000.0,37812000.0,9853000.0,0.0,7.391,45.742,43.678,25634000.0,0.0,19.655,9.904,9.477,39984000.0,-104618000.0,184586000.0,184586000.0,33373000.0,0.178,0.221,0.375,0.234,12865000.0,54057000.0,1.0,93015716.0,89002000.0,97508000.0,2.074,298351000.0,553000.0,2652000.0,6987000.0,3.352,159950000.0
59,ILMN,MRT,2006-09-30,2006-10-01,2006-10-01,2021-08-06,0.0,256477000.0,175141000.0,220903000.0,35574000.0,0.84,2.28,-16021000.0,44166000.0,44166000.0,46474000.0,23152000.0,6.603,0.215,94000.0,94000.0,0.0,94000.0,0.0,5413000.0,0.0,0.0,0.0,25652000.0,31065000.0,0.211,31065000.0,25652000.0,24984000.0,0.26,0.235,0.26,211074000.0,137240250.0,211074000.0,1366135162.0,53.0,43.977,16278000.0,0.176,1.0,100690000.0,0.684,10186000.0,668000.0,168763000.0,64375250.0,19397000.0,125776000.0,125776000.0,0.0,45403000.0,33456000.0,11947000.0,1518271162.0,-6006000.0,0.0,106580000.0,-107000.0,0.0,106473000.0,-144895000.0,-128874000.0,32299000.0,117000.0,23152000.0,23152000.0,23152000.0,0.0,0.0,0.157,79438000.0,21252000.0,33362000.0,0.0,7.193,65.578,63.538,25388000.0,0.0,16.52,10.317,10.393,29045000.0,,147164000.0,147164000.0,32067000.0,0.132,0.169,0.398,0.174,10267000.0,47371000.0,1.0,91905034.0,92586000.0,101158000.0,1.589,246291000.0,0.0,1832000.0,0.0,2.66,187447000.0
60,ILMN,MRT,2006-06-30,2006-07-02,2006-07-02,2021-08-06,0.0,230951000.0,135278250.0,199338000.0,31613000.0,0.837,2.144,-14327000.0,152250000.0,152250000.0,36717000.0,5564000.0,5.716,0.237,114000.0,114000.0,0.0,114000.0,0.0,4714000.0,0.0,0.0,0.0,7035000.0,11749000.0,0.104,11749000.0,7035000.0,6367000.0,0.07,0.06,0.07,186668000.0,102247750.0,186668000.0,1187964986.0,169.0,101.112,1122000.0,0.013,1.0,76491000.0,0.676,8885000.0,668000.0,35059000.0,27622250.0,17324000.0,4511000.0,4511000.0,0.0,44283000.0,34871000.0,9412000.0,1236865986.0,97684000.0,0.0,104199000.0,-114000.0,0.0,104085000.0,-21892000.0,-7565000.0,15449000.0,42000.0,5564000.0,5564000.0,5564000.0,0.0,0.0,0.049,72031000.0,4460000.0,34757000.0,0.0,6.626,222.298,211.857,22728000.0,0.0,14.83,10.926,11.404,23100000.0,,113208000.0,113208000.0,31401000.0,0.041,0.054,0.255,0.062,6630000.0,40630000.0,1.0,83402966.0,87056000.0,94660000.0,1.3,222066000.0,0.0,803000.0,0.0,2.551,164467000.0
61,ILMN,MRT,2006-03-31,2006-04-02,2006-04-02,2021-08-06,0.0,112526000.0,100355250.0,84589000.0,27937000.0,0.871,0.949,-12527000.0,49044000.0,49044000.0,27875000.0,-19743000.0,3.425,0.429,143000.0,118000.0,25000.0,143000.0,0.0,4113000.0,0.0,0.0,0.0,-18832000.0,-14719000.0,-0.168,-14719000.0,-18832000.0,-19500000.0,-0.24,-0.24,-0.24,78722000.0,73153000.0,78722000.0,929496160.0,-49.0,-63.149,-15850000.0,-0.191,1.0,59580000.0,0.681,8722000.0,668000.0,30206000.0,23077000.0,12926000.0,0.0,0.0,0.0,33804000.0,24697000.0,9107000.0,980146160.0,-3909000.0,-2388000.0,7893000.0,-112000.0,0.0,7781000.0,-8836000.0,6079000.0,-3323000.0,469000.0,-19743000.0,-19743000.0,-19743000.0,0.0,0.0,-0.226,80189000.0,-20609000.0,24579000.0,0.0,12.451,-49.645,-49.479,19215000.0,0.0,11.875,11.207,11.263,21427000.0,,87455000.0,87455000.0,30132000.0,-0.197,-0.27,-0.816,-0.215,3344000.0,34257000.0,1.0,82538624.0,82950000.0,82950000.0,1.054,103804000.0,0.0,243000.0,0.0,1.251,59892000.0
62,ILMN,MRT,2005-12-31,2006-01-01,2006-01-01,2021-08-06,258000.0,100610000.0,95668750.0,79710000.0,20900000.0,0.768,0.903,-11395000.0,50822000.0,50822000.0,23181000.0,-20874000.0,3.67,0.388,172000.0,118000.0,54000.0,172000.0,0.0,3824000.0,0.0,0.0,0.0,-20043000.0,-16219000.0,-0.221,-16219000.0,-20043000.0,-20711000.0,-0.26,-0.26,-0.26,72497000.0,71578000.0,72497000.0,530042126.0,-26.0,-32.68,-20403000.0,-0.254,1.0,50320000.0,0.685,4769000.0,668000.0,23473000.0,21202000.0,10309000.0,0.0,0.0,0.0,28113000.0,21718000.0,6395000.0,580214126.0,-3967000.0,-2388000.0,6046000.0,-83000.0,0.0,5963000.0,-1535000.0,12248000.0,-9008000.0,613000.0,-20874000.0,-20874000.0,-20874000.0,0.0,0.0,-0.284,71767000.0,-21447000.0,7390000.0,0.0,8.003,-27.796,-27.115,16131000.0,0.0,7.05,7.894,7.702,17620000.0,-144586000.0,73501000.0,73501000.0,27809000.0,-0.218,-0.292,-0.945,-0.273,270000.0,28158000.0,1.0,82299876.0,80294000.0,80294000.0,0.915,95841000.0,0.0,163000.0,0.0,1.194,57992000.0
63,ILMN,MRT,2005-09-30,2005-10-02,2005-10-02,2021-08-06,0.0,97026000.0,94243000.0,76323000.0,20703000.0,0.693,0.869,-10266000.0,50172000.0,50172000.0,19806000.0,-17953000.0,3.866,0.365,0.0,0.0,0.0,0.0,0.0,3443000.0,0.0,0.0,0.0,-16139000.0,-12696000.0,-0.195,-12696000.0,-16139000.0,-17657000.0,-0.21,-0.21,-0.21,71104000.0,71519250.0,71104000.0,464938234.0,-29.0,-36.621,-19494000.0,-0.238,1.0,45465000.0,0.697,5361000.0,1518000.0,21751000.0,16889500.0,7162000.0,0.0,0.0,0.0,25922000.0,19742000.0,6180000.0,519504234.0,-4150000.0,-2388000.0,5175000.0,-56000.0,0.0,5119000.0,-441000.0,12248000.0,-9228000.0,400000.0,-17953000.0,-17953000.0,-17953000.0,0.0,0.0,-0.275,63908000.0,-18443000.0,19742000.0,0.0,7.306,-28.937,-30.5,15342000.0,0.0,6.405,7.959,8.029,17607000.0,,65271000.0,65271000.0,25899000.0,-0.19,-0.251,-0.956,-0.247,324000.0,26212000.0,1.0,81109170.0,81820000.0,81820000.0,0.798,91665000.0,0.0,296000.0,0.0,1.12,56581000.0
64,ILMN,MRT,2005-06-30,2005-07-03,2005-07-03,2021-08-06,0.0,91259000.0,93004500.0,72938000.0,18321000.0,0.637,0.875,32526000.0,54566000.0,54566000.0,16724000.0,-18553000.0,4.841,0.298,0.0,0.0,0.0,0.0,0.0,3457000.0,0.0,0.0,0.0,-16798000.0,-13341000.0,-0.225,-13341000.0,-16798000.0,-18316000.0,-0.22,-0.22,-0.22,70289000.0,70925500.0,70289000.0,421751650.0,-25.0,-31.613,11616000.0,0.145,1.0,42543000.0,0.718,4748000.0,1518000.0,16878000.0,12212750.0,5157000.0,0.0,0.0,0.0,20970000.0,15067000.0,5903000.0,474704650.0,556000.0,-2388000.0,3951000.0,-25208000.0,0.0,-21257000.0,42351000.0,12248000.0,-20910000.0,372000.0,-18553000.0,-18553000.0,-18553000.0,0.0,0.0,-0.313,61228000.0,-18685000.0,15067000.0,0.0,6.754,-25.586,-27.955,13573000.0,0.0,6.15,8.01,8.34,12192000.0,,59267000.0,59267000.0,24177000.0,-0.199,-0.262,-1.375,-0.283,374000.0,26398000.0,1.0,77187748.0,80374000.0,80374000.0,0.737,86511000.0,0.0,237000.0,0.0,1.076,57871000.0
65,ILMN,MRT,2005-03-31,2005-04-03,2005-04-03,2021-08-06,0.0,93780000.0,101515000.0,80413000.0,13367000.0,0.541,0.944,34979000.0,52953000.0,52953000.0,15057000.0,-3530000.0,5.16,0.295,0.0,0.0,0.0,0.0,0.0,3694000.0,0.0,0.0,0.0,-1826000.0,1868000.0,0.034,1868000.0,-1826000.0,-3344000.0,-0.04,-0.04,-0.04,72422000.0,70778500.0,72422000.0,240672394.0,-132.0,128.84,16790000.0,0.219,1.0,39872000.0,0.726,2536000.0,1518000.0,22706000.0,23707000.0,4979000.0,9108000.0,9108000.0,0.0,21358000.0,15585000.0,5773000.0,307666394.0,44213000.0,0.0,31104000.0,-25436000.0,0.0,5668000.0,56564000.0,21620000.0,-18189000.0,170000.0,-3530000.0,-3530000.0,-3530000.0,0.0,0.0,-0.064,43344000.0,-3472000.0,15585000.0,0.0,4.248,-87.158,-100.875,10831000.0,0.0,4.035,5.601,5.634,11755000.0,,54929000.0,54929000.0,22179000.0,-0.035,-0.05,-0.077,-0.033,583000.0,25873000.0,1.0,76249416.0,76694000.0,76694000.0,0.716,91244000.0,0.0,186000.0,0.0,1.19,64828000.0
66,ILMN,MRT,2004-12-31,2005-01-02,2005-01-02,2021-08-06,96000.0,94907000.0,102625750.0,83691000.0,11216000.0,0.493,1.008,37312000.0,66994000.0,66994000.0,13259000.0,-6225000.0,4.394,0.313,0.0,0.0,0.0,0.0,0.0,3956000.0,0.0,0.0,0.0,-4572000.0,-616000.0,-0.012,-616000.0,-4572000.0,-6090000.0,-0.085,-0.085,-0.085,72262000.0,63852500.0,72262000.0,294462614.0,-64.0,-478.024,17738000.0,0.247,1.0,37324000.0,0.738,2642000.0,1518000.0,6223000.0,44058500.0,3807000.0,0.0,0.0,0.0,22645000.0,19048000.0,3597000.0,360968614.0,42324000.0,0.0,30494000.0,-25619000.0,0.0,4875000.0,57022000.0,19745000.0,-19574000.0,1000.0,-6225000.0,-6225000.0,-6225000.0,0.0,0.0,-0.123,42837000.0,-5513000.0,2684000.0,0.0,4.995,-57.987,-55.765,8574000.0,0.0,4.74,7.136,6.718,11891000.0,-123712000.0,50583000.0,50583000.0,21462000.0,-0.061,-0.097,-0.104,-0.09,844000.0,25576000.0,1.0,76153716.0,71690000.0,71690000.0,0.706,92265000.0,0.0,135000.0,0.0,1.287,64643000.0
67,ILMN,MRT,2004-09-30,2004-10-03,2004-10-03,2021-08-06,0.0,92072000.0,103707500.0,81520000.0,10552000.0,0.449,0.914,38423000.0,66506000.0,66506000.0,12806000.0,-13473000.0,4.109,0.34,0.0,0.0,0.0,0.0,0.0,4282000.0,0.0,0.0,0.0,-11450000.0,-7168000.0,-0.154,-7168000.0,-11450000.0,-13473000.0,-0.2,-0.2,-0.2,68729000.0,57634000.0,68729000.0,192727743.0,-17.0,-26.887,11529000.0,0.153,1.0,33736000.0,0.725,2682000.0,2023000.0,3044000.0,68315250.0,3183000.0,0.0,0.0,0.0,23343000.0,19840000.0,3503000.0,233726743.0,44333000.0,0.0,30476000.0,-25789000.0,0.0,4687000.0,66460000.0,28037000.0,-26894000.0,80000.0,-13473000.0,-13473000.0,-13473000.0,0.0,0.0,-0.289,46067000.0,-12331000.0,10615000.0,0.0,3.401,-17.348,-15.475,7870000.0,0.0,3.095,5.022,5.003,9486000.0,,46542000.0,46542000.0,21305000.0,-0.13,-0.234,-0.168,-0.246,1129000.0,24377000.0,1.0,75517526.0,75228000.0,75228000.0,0.619,89390000.0,0.0,0.0,0.0,1.188,61680000.0
68,ILMN,MRT,2004-06-30,2004-06-27,2004-06-27,2021-08-06,0.0,125301000.0,107258500.0,79268000.0,46033000.0,0.385,0.997,-2280000.0,66179000.0,66179000.0,11970000.0,-16958000.0,3.859,0.798,25180000.0,388000.0,24792000.0,25180000.0,0.0,4445000.0,0.0,0.0,0.0,-14766000.0,-10321000.0,-0.25,-10321000.0,-14766000.0,-16958000.0,-0.26,-0.26,-0.26,69701000.0,53216500.0,69701000.0,230545776.0,-16.0,-22.338,-14262000.0,-0.204,1.0,29309000.0,0.71,904000.0,2192000.0,62855000.0,89696500.0,2770000.0,0.0,0.0,0.0,55600000.0,20543000.0,35057000.0,213950776.0,47544000.0,0.0,29986000.0,-777000.0,0.0,29209000.0,30253000.0,32533000.0,-11982000.0,64000.0,-16958000.0,-16958000.0,-16958000.0,0.0,0.0,-0.411,45202000.0,-15893000.0,11119000.0,0.0,3.07,-12.617,-12.404,45129000.0,0.0,3.225,5.183,5.463,9933000.0,,41279000.0,41279000.0,21063000.0,-0.158,-0.319,-0.165,-0.358,1473000.0,21910000.0,1.0,66341326.0,69920000.0,69920000.0,0.59,124397000.0,0.0,0.0,0.0,1.779,58725000.0
69,ILMN,MRT,2004-03-31,2004-03-28,2004-03-28,2021-08-06,0.0,98223000.0,102567500.0,39663000.0,58560000.0,0.337,0.687,-1889000.0,8840000.0,8840000.0,10929000.0,-22034000.0,4.062,1.196,25435000.0,542000.0,24893000.0,25435000.0,0.0,4510000.0,0.0,0.0,0.0,-19742000.0,-15232000.0,-0.441,-15232000.0,-19742000.0,-22034000.0,-0.345,-0.345,-0.345,44718000.0,49766750.0,44718000.0,240395614.0,-12.0,-15.782,-19878000.0,-0.305,1.0,23633000.0,0.684,941000.0,2292000.0,104112000.0,98341500.0,2150000.0,31195000.0,19049000.0,12146000.0,53505000.0,9765000.0,43740000.0,227342614.0,3861000.0,0.0,1179000.0,-692000.0,0.0,487000.0,21400000.0,23289000.0,-17989000.0,-37000.0,-22034000.0,-22034000.0,-22034000.0,0.0,0.0,-0.638,44685000.0,-21052000.0,9223000.0,0.0,5.084,-10.318,-10.014,45473000.0,0.0,3.455,6.578,6.508,8877000.0,,34562000.0,34562000.0,21965000.0,-0.215,-0.443,-0.201,-0.571,1907000.0,20057000.0,1.0,65801046.0,65098000.0,65098000.0,0.531,97282000.0,0.0,0.0,0.0,1.494,29898000.0
70,ILMN,MRT,2003-12-31,2003-12-28,2003-12-28,2021-08-06,335000.0,99234000.0,106816500.0,40418000.0,58816000.0,0.262,0.742,-2032000.0,12565000.0,12565000.0,10037000.0,-27063000.0,4.936,1.094,25618000.0,619000.0,24999000.0,25618000.0,0.0,4545000.0,0.0,0.0,0.0,-24801000.0,-20256000.0,-0.723,-20256000.0,-24801000.0,-27063000.0,-0.425,-0.425,-0.425,47388000.0,54558750.0,47388000.0,233719362.0,-9.0,-11.538,-20288000.0,-0.318,1.0,17998000.0,0.642,848000.0,2262000.0,103250000.0,99112000.0,2022000.0,32508000.0,20317000.0,12191000.0,51846000.0,8189000.0,43657000.0,230279362.0,10428000.0,0.0,895000.0,-679000.0,0.0,216000.0,28468000.0,30516000.0,-18256000.0,0.0,-27063000.0,-27063000.0,-27063000.0,0.0,0.0,-0.965,44620000.0,-26622000.0,2030000.0,0.0,4.859,-8.509,-8.247,45777000.0,0.0,3.505,8.214,7.983,4549000.0,-117487000.0,28035000.0,28035000.0,22511000.0,-0.253,-0.496,-0.25,-0.885,2454000.0,18899000.0,1.0,65700246.0,63850000.0,63850000.0,0.439,98386000.0,0.0,0.0,0.0,1.541,32229000.0
71,ILMN,MRT,2003-09-30,2003-09-28,2003-09-28,2021-08-06,0.0,106276000.0,112484500.0,58513000.0,47763000.0,0.188,0.796,-2410000.0,22349000.0,22349000.0,8253000.0,-30679000.0,2.907,1.081,25789000.0,699000.0,25090000.0,25789000.0,10000000.0,4626000.0,0.0,0.0,0.0,-29862000.0,-25236000.0,-1.192,-25236000.0,-29862000.0,-30679000.0,-0.485,-0.485,-0.485,51059000.0,60647750.0,51059000.0,175387687.0,-6.0,-6.95,-21721000.0,-0.339,1.0,12927000.0,0.61,1020000.0,817000.0,88569000.0,102932250.0,2646000.0,28859000.0,28859000.0,0.0,55217000.0,20127000.0,35090000.0,168323687.0,8804000.0,0.0,793000.0,-662000.0,0.0,131000.0,27984000.0,30542000.0,-19311000.0,0.0,-30679000.0,-30679000.0,-30679000.0,0.0,0.0,-1.448,43730000.0,-30803000.0,10959000.0,0.0,3.297,-5.487,-5.309,46743000.0,0.0,2.575,7.947,7.794,3825000.0,,21180000.0,21180000.0,23387000.0,-0.273,-0.506,-0.29,-1.41,3018000.0,16566000.0,1.0,65368422.0,64110000.0,64110000.0,0.33,105256000.0,0.0,0.0,0.0,1.642,38386000.0
72,ILMN,MRT,2003-06-30,2003-06-29,2003-06-29,2021-08-06,0.0,106537000.0,118031750.0,58319000.0,48218000.0,0.135,0.879,-2484000.0,18894000.0,18894000.0,6537000.0,-32770000.0,3.832,0.906,25958000.0,778000.0,25180000.0,25958000.0,10000000.0,4671000.0,0.0,0.0,0.0,-31546000.0,-26875000.0,-1.689,-26875000.0,-31546000.0,-32770000.0,-0.52,-0.52,-0.52,55902000.0,67556750.0,55902000.0,102421335.0,-3.0,-3.811,-26570000.0,-0.418,1.0,9379000.0,0.589,948000.0,1224000.0,97435000.0,115534250.0,2534000.0,33628000.0,33628000.0,0.0,50635000.0,15218000.0,35417000.0,93817335.0,5761000.0,0.0,683000.0,-645000.0,0.0,38000.0,29809000.0,32553000.0,-24086000.0,0.0,-32770000.0,-32770000.0,-32770000.0,0.0,0.0,-2.059,42856000.0,-33477000.0,6160000.0,0.0,1.678,-2.863,-2.76,47270000.0,0.0,1.435,5.895,5.736,2949000.0,,15916000.0,15916000.0,24678000.0,-0.278,-0.485,-0.273,-1.982,3552000.0,13896000.0,1.0,65377934.0,63616000.0,63616000.0,0.25,105589000.0,0.0,0.0,0.0,1.66,43101000.0
73,ILMN,MRT,2003-03-31,2003-03-30,2003-03-30,2021-08-06,0.0,115219000.0,124801000.0,66170000.0,49049000.0,0.105,1.011,-3396000.0,17361000.0,17361000.0,5107000.0,-40625000.0,4.226,0.804,25965000.0,692000.0,25273000.0,25965000.0,10006000.0,4680000.0,0.0,0.0,0.0,-38926000.0,-34246000.0,-2.625,-34246000.0,-38926000.0,-40625000.0,-0.655,-0.655,-0.655,63886000.0,74753500.0,63886000.0,90178541.0,-2.0,-2.633,-27367000.0,-0.433,1.0,7940000.0,0.609,973000.0,1699000.0,107194000.0,127629500.0,2340000.0,43024000.0,43024000.0,0.0,51333000.0,15656000.0,35677000.0,78448541.0,-5538000.0,0.0,699000.0,-627000.0,0.0,72000.0,18361000.0,22067000.0,-23971000.0,0.0,-40625000.0,-40625000.0,-40625000.0,0.0,0.0,-3.114,49757000.0,-41817000.0,6723000.0,0.0,1.228,-1.931,-1.832,48076000.0,0.0,1.2,6.013,5.81,2890000.0,,13047000.0,13047000.0,25479000.0,-0.326,-0.543,-0.305,-2.984,4000000.0,12037000.0,1.0,65373784.0,63168000.0,63168000.0,0.207,114246000.0,0.0,0.0,0.0,1.809,50514000.0
74,ILMN,MRT,2002-12-31,2002-12-29,2002-12-29,2021-08-06,977000.0,121906000.0,131134250.0,72819000.0,49087000.0,0.077,1.161,-26830000.0,14567000.0,14567000.0,3536000.0,-40331000.0,5.093,0.699,26297000.0,677000.0,25620000.0,26297000.0,0.0,4531000.0,0.0,0.0,0.0,-38050000.0,-33519000.0,-3.339,-33519000.0,-38050000.0,-40331000.0,-0.655,-0.655,-0.655,71744000.0,83564750.0,71744000.0,126587507.0,-3.0,-3.777,-52423000.0,-0.849,1.0,6504000.0,0.648,808000.0,2281000.0,118531000.0,138556500.0,2299000.0,51727000.0,51727000.0,0.0,50162000.0,14297000.0,35865000.0,101661507.0,-2128000.0,0.0,696000.0,25410000.0,0.0,26106000.0,-2641000.0,24983000.0,-25593000.0,0.0,-40331000.0,-40331000.0,-40331000.0,0.0,0.0,-4.017,48359000.0,-41855000.0,1770000.0,0.0,1.417,-2.521,-2.389,48279000.0,0.0,1.565,10.126,9.627,3253000.0,-90424000.0,10040000.0,10040000.0,26848000.0,-0.308,-0.483,-0.275,-3.79,4360000.0,9099000.0,1.0,64980190.0,61780000.0,61780000.0,0.163,121098000.0,0.0,0.0,0.0,1.96,58522000.0
75,ILMN,MRT,2002-09-30,2002-09-29,2002-09-29,2021-08-06,0.0,128465000.0,131274000.0,78899000.0,49566000.0,0.053,1.266,-29729000.0,1185000.0,1185000.0,2173000.0,-40943000.0,5.749,0.632,26111000.0,660000.0,25451000.0,26111000.0,10021000.0,3883000.0,0.0,0.0,0.0,-38538000.0,-34655000.0,-5.012,-34655000.0,-38538000.0,-40943000.0,-0.665,-0.665,-0.665,78695000.0,92326500.0,78695000.0,135264964.0,-4.0,-3.903,-51806000.0,-0.834,1.0,4742000.0,0.686,691000.0,2405000.0,138977000.0,136695500.0,1609000.0,72539000.0,72539000.0,0.0,49770000.0,13723000.0,36047000.0,109794964.0,-2557000.0,0.0,704000.0,25497000.0,0.0,26201000.0,-6681000.0,23710000.0,-22077000.0,0.0,-40943000.0,-40943000.0,-40943000.0,0.0,0.0,-5.921,47551000.0,-42809000.0,5203000.0,0.0,1.395,-2.682,-2.549,48875000.0,0.0,1.695,15.878,15.232,3048000.0,,6915000.0,6915000.0,26646000.0,-0.312,-0.443,-0.282,-5.573,4726000.0,8319000.0,1.0,64775790.0,62142000.0,62142000.0,0.111,127774000.0,0.0,0.0,0.0,2.056,65176000.0
76,ILMN,MRT,2002-06-30,2002-06-30,2002-06-30,2021-08-06,0.0,133614000.0,131043971.0,83619000.0,49995000.0,0.035,1.378,-34570000.0,705000.0,705000.0,1410000.0,-39126000.0,6.591,0.578,26175000.0,642000.0,25533000.0,26175000.0,10047000.0,3083000.0,0.0,0.0,0.0,-37297000.0,-34214000.0,-7.402,-34214000.0,-37297000.0,-39126000.0,-0.64,-0.64,-0.64,84689000.0,101054702.0,84689000.0,233068412.0,-6.0,-6.812,-55865000.0,-0.909,1.0,3212000.0,0.695,582000.0,1829000.0,145816000.0,132233183.0,1296000.0,79378000.0,79378000.0,0.0,48925000.0,12686000.0,36239000.0,217241412.0,-10718000.0,0.0,811000.0,25580000.0,0.0,26391000.0,-15814000.0,19306000.0,-21295000.0,0.0,-39126000.0,-39126000.0,-39126000.0,0.0,0.0,-8.465,45285000.0,-42073000.0,4344000.0,0.0,2.565,-5.552,-5.25,49413000.0,0.0,3.36,47.002,44.68,2064000.0,,4622000.0,4622000.0,25393000.0,-0.299,-0.387,-0.282,-8.069,5093000.0,7099000.0,1.0,64655182.0,61462000.0,61462000.0,0.075,133032000.0,0.0,0.0,0.0,2.164,70933000.0
77,ILMN,MRT,2002-03-31,2002-03-31,2002-03-31,2021-08-06,0.0,140552000.0,130178569.0,90647000.0,49905000.0,0.025,1.627,-37681000.0,10417000.0,10417000.0,883000.0,-28572000.0,18.541,0.418,26244000.0,625000.0,25619000.0,26244000.0,10173000.0,2241000.0,0.0,0.0,0.0,-27318000.0,-25077000.0,-7.856,-25077000.0,-27318000.0,-28572000.0,-0.47,-0.47,-0.47,99131000.0,109158688.0,99131000.0,299175005.0,-11.0,-11.93,-52916000.0,-0.869,1.0,2309000.0,0.723,588000.0,1254000.0,150902000.0,124754961.0,1080000.0,77363000.0,77363000.0,0.0,41421000.0,4889000.0,36532000.0,305745005.0,-103182000.0,0.0,844000.0,25668000.0,0.0,26512000.0,-114459000.0,-76278000.0,-15235000.0,0.0,-28572000.0,-28572000.0,-28572000.0,0.0,0.0,-8.951,34964000.0,-32655000.0,4264000.0,0.0,3.084,-10.701,-10.064,49317000.0,0.0,4.73,95.785,90.258,1525000.0,,3192000.0,3192000.0,23376000.0,-0.219,-0.262,-0.219,-8.558,5468000.0,6119000.0,1.0,64639536.0,60910000.0,60910000.0,0.052,139964000.0,0.0,0.0,0.0,2.298,85758000.0
78,ILMN,MRT,2001-12-31,2001-12-30,2001-12-30,2021-08-06,749000.0,122465000.0,127713750.0,96260000.0,26205000.0,0.019,1.795,-14972000.0,7457000.0,7457000.0,557000.0,-24823000.0,20.021,0.147,887000.0,297000.0,590000.0,887000.0,10048000.0,1474000.0,0.0,0.0,0.0,-24121000.0,-22647000.0,-9.11,-22647000.0,-24121000.0,-24823000.0,-0.415,-0.415,-0.415,106791000.0,114687498.0,106791000.0,365481685.0,-15.0,-16.138,-25897000.0,-0.435,1.0,1929000.0,0.776,0.0,702000.0,111087000.0,90606670.0,971000.0,86329000.0,86329000.0,0.0,15674000.0,4808000.0,10866000.0,368270028.0,-111937000.0,0.0,915000.0,-261000.0,0.0,654000.0,-101666000.0,-86694000.0,-10925000.0,0.0,-24823000.0,-24823000.0,-24823000.0,0.0,0.0,-9.985,32248000.0,-30319000.0,1975000.0,0.0,3.449,-14.836,-13.771,25972000.0,0.0,5.715,148.138,136.774,1266000.0,-50093000.0,2486000.0,2486000.0,20735000.0,-0.194,-0.216,-0.266,-9.703,5850000.0,5663000.0,1.0,64439200.0,59496000.0,59496000.0,0.042,122465000.0,0.0,0.0,0.0,2.058,91452000.0
79,ILMN,MRT,2001-09-30,2001-09-30,2001-09-30,2021-08-06,0.0,127544885.0,130295750.0,105009015.0,22535870.0,0.017,1.898,-12720417.0,3743359.0,3743359.0,285000.0,-21211951.0,32.746,0.123,955016.0,287230.0,667786.0,955016.0,10062500.0,1060832.0,0.0,0.0,0.0,-21118951.0,-20058119.0,-9.074,-20058119.0,-21118951.0,-21211951.0,-0.135,-0.135,-0.135,113607809.0,119014748.0,113607809.0,198596174.0,-9.0,-9.901,-30866106.0,-0.516,1.0,1925554.0,0.871,422020.0,93000.0,121127732.0,66179670.0,0.0,96750440.0,96750440.0,0.0,13937076.0,3206790.0,10730286.0,208998387.0,-117840728.0,0.0,852533.0,-254644.0,0.0,597889.0,-100292928.0,-87572511.0,-18145689.0,0.0,-21211951.0,-21211951.0,-21211951.0,0.0,0.0,-9.596,30062014.0,-28136460.0,2919560.0,0.0,1.84,-9.853,-24.074,22113850.0,0.0,3.25,94.546,88.013,0.0,,2210554.0,2210554.0,18441768.0,-0.163,-0.178,-0.319,-9.554,6483439.0,5135807.0,1.0,64307196.0,59864000.0,59864000.0,0.037,127122865.0,0.0,0.0,0.0,2.124,101802225.0
80,ILMN,MRT,2001-06-30,2001-06-30,2001-06-30,2021-08-06,0.0,130152392.0,132150780.0,123074905.0,7077487.0,0.017,1.974,-8048448.0,11423458.0,11423458.0,83000.0,-19301604.0,35.889,0.111,1021245.0,278159.0,743086.0,1021245.0,8875000.0,841985.0,0.0,0.0,0.0,-19208604.0,-18366619.0,-8.421,-18366619.0,-19208604.0,-19301604.0,-0.135,-0.135,-0.135,117104945.0,122315506.0,117104945.0,265542203.0,-14.0,-14.458,-22825470.0,-0.385,1.0,2098143.0,0.962,417706.0,93000.0,115903112.0,38883963.0,0.0,105158977.0,105158977.0,0.0,13047447.0,3429361.0,9618086.0,378055941.0,-8172073.0,0.0,101798653.0,-245895.0,0.0,101552758.0,-94947809.0,-86899361.0,-14777022.0,0.0,-19301604.0,-19301604.0,-19301604.0,0.0,0.0,-8.849,28336885.0,-26238742.0,3151202.0,0.0,3.228,-19.587,-43.63,6659781.0,0.0,5.89,173.329,160.167,0.0,,2181143.0,2181143.0,16338073.0,-0.146,-0.158,-0.494,-8.807,6875698.0,5122114.0,1.0,64186068.0,59312000.0,59312000.0,0.037,129734686.0,0.0,0.0,0.0,2.187,119645544.0
81,ILMN,MRT,2001-03-31,2001-03-31,2001-03-31,2021-08-06,0.0,130692722.0,108036230.0,125704140.0,4988582.0,0.017,2.074,-4482507.0,113599120.0,113599120.0,14000.0,-18678147.0,36.51,0.078,1085382.0,269374.0,816008.0,1085382.0,5187500.0,620757.0,0.0,0.0,0.0,-18585147.0,-17964390.0,-10.037,-17964390.0,-18585147.0,-18678147.0,-1.06,-1.06,-1.06,121246239.0,99916118.0,121246239.0,109928809.0,-6.0,-6.119,-20383038.0,-0.349,1.0,1775795.0,0.992,427173.0,93000.0,14308836.0,13362728.0,0.0,8110622.0,8110622.0,0.0,9446483.0,3442975.0,6003508.0,226499526.0,98531662.0,0.0,101747934.0,1084000.0,0.0,102831934.0,11600259.0,16082766.0,-15900531.0,0.0,-18678147.0,-18678147.0,-18678147.0,0.0,0.0,-10.436,26359793.0,-24583998.0,3173601.0,0.0,1.868,-12.126,-3.332,4561409.0,0.0,3.531,126.551,115.326,0.0,,1789795.0,1789795.0,14378959.0,-0.173,-0.187,-1.391,-10.384,7218175.0,4762659.0,1.0,64136918.0,58448000.0,58448000.0,0.031,130265549.0,0.0,0.0,0.0,2.229,122261165.0
82,ILMN,MRT,2000-12-31,2000-12-31,2000-12-31,2021-08-06,0.0,132793000.0,83970601.0,129067000.0,3726000.0,0.016,4.577,-3428000.0,117718000.0,117718000.0,0.0,-18606000.0,45.997,0.07,1148000.0,261000.0,887000.0,1148000.0,5000000.0,468000.0,0.0,0.0,0.0,-18513000.0,-18045000.0,-13.785,-18045000.0,-18513000.0,-18606000.0,-0.685,-0.685,-0.685,124100000.0,77313148.0,124100000.0,392571887.0,-21.0,-21.755,-17740000.0,-0.654,1.0,1309000.0,1.0,38000.0,93000.0,13379000.0,14335678.0,71000.0,7341000.0,7341000.0,0.0,8693000.0,2806000.0,5887000.0,512947085.0,94938000.0,0.0,102145000.0,1146000.0,0.0,103291000.0,5959000.0,9387000.0,-14312000.0,0.0,-18606000.0,-18606000.0,-18606000.0,0.0,0.0,-14.214,24544000.0,-23235000.0,727000.0,0.0,4.133,-27.569,-11.723,3289000.0,0.0,8.03,391.862,166.33,932000.0,-25270000.0,1309000.0,1309000.0,13554000.0,-0.222,-0.241,-1.291,-14.143,6797000.0,4193000.0,1.0,63878840.0,27114000.0,27114000.0,0.048,132755000.0,0.0,0.0,0.0,4.896,126261000.0
83,ILMN,MRT,2000-09-30,2000-09-30,2000-09-30,2021-08-06,0.0,134965004.0,59246016.0,132394118.0,2570886.0,0.017,3.086,-2396816.0,121582842.0,121582842.0,0.0,-16068015.0,60.203,0.064,1207644.0,252628.0,955016.0,1207644.0,5000000.0,321206.0,0.0,0.0,0.0,-16068015.0,-15746809.0,-15.347,-15746809.0,-16068015.0,-16068015.0,-2.815,-2.815,-2.815,126810842.0,54296210.0,126810842.0,1401660236.0,-87.0,-89.012,-6488283.0,-0.158,1.0,1026081.0,1.0,445755.0,0.0,11944905.0,14000779.0,0.0,8785799.0,8785799.0,0.0,8154162.0,2199146.0,5955016.0,1419989528.0,119266164.0,0.0,102313287.0,207644.0,0.0,130520931.0,-7163300.0,-4766484.0,-4091467.0,0.0,-16068015.0,-16068015.0,-16068015.0,0.0,0.0,-15.66,19735982.0,-18709901.0,1946518.0,0.0,11.198,-88.374,-8.06,2125131.0,0.0,22.69,1383.896,908.785,0.0,,1026081.0,1026081.0,11071415.0,-0.271,-0.296,-1.148,-15.66,5389640.0,3274927.0,1.0,62582174.0,41096842.0,,0.025,134519249.0,0.0,0.0,0.0,3.273,130194972.0
84,ILMN,MRT,2000-06-30,2000-06-30,2000-06-30,2021-08-06,0.0,33694192.0,,32072232.0,1621960.0,,5.803,-1617539.0,19595187.0,19595187.0,0.0,-13672482.0,22.657,0.225,1265895.0,244650.0,1021245.0,1265895.0,3750000.0,168415.0,0.0,,0.0,-13672482.0,-13504067.0,-29.119,-13504067.0,-13672482.0,-13672482.0,-3.19,-3.19,-3.19,27507392.0,,27507392.0,,,,-5714528.0,-1.206,1.0,463761.0,1.0,131176.0,0.0,13818169.0,,0.0,11544891.0,11544891.0,0.0,6186800.0,1415555.0,4771245.0,,16077600.0,0.0,969002.0,265895.0,0.0,29234897.0,-9060308.0,-7442769.0,-4096989.0,0.0,-13672482.0,-13672482.0,-13672482.0,0.0,0.0,-29.482,15335689.0,-14871928.0,1170905.0,0.0,,,,1490784.0,0.0,,,,0.0,,463761.0,463761.0,9214557.0,,,,-29.482,3764312.0,2356820.0,1.0,63082190.0,4740368.0,4740368.0,0.098,33563016.0,0.0,0.0,0.0,7.08,30656677.0
85,ILMN,MRT,2000-03-31,2000-03-31,2000-03-31,2021-08-06,-40120.0,34430208.0,34162433.0,33487535.0,942673.0,0.015,7.089,,15067452.0,15067452.0,0.0,-9520414.0,30.558,0.117,0.0,0.0,0.0,0.0,2500000.0,,0.0,,0.0,-9520414.0,,,,-9520414.0,-9520414.0,-2.64,-2.64,-2.64,30834357.0,31433304.0,30834357.0,,,,,,1.0,514972.0,1.0,66266.0,0.0,18200639.0,15122271.0,0.0,17649664.0,17649664.0,0.0,3595851.0,1095851.0,2500000.0,,,,,,,,,,,,-9520414.0,-9520414.0,-9520414.0,0.0,0.0,-18.487,10833314.0,-10318342.0,349877.0,0.0,,,,802031.0,0.0,,,,371986.0,-11509118.0,514972.0,514972.0,7000416.0,-0.279,-0.303,-0.63,-18.487,,1789376.0,1.0,63082190.0,4349812.0,,0.118,34363942.0,0.0,0.0,0.0,7.9,32391684.0
86,ILMN,MRT,1999-12-31,1999-12-31,1999-12-31,2021-08-06,-10689.0,33894658.0,21226036.0,33493045.0,401613.0,0.022,11.359,-295000.0,21164114.0,21164114.0,0.0,-5518000.0,54.691,0.058,-3000.0,1500.0,-4500.0,-3000.0,1250000.0,43000.0,0.0,,0.0,-5518000.0,-5475000.0,-11.551,-5475000.0,-5518000.0,-5518000.0,-1.955,-1.955,-1.955,32032250.0,20206248.0,32032250.0,,,,-3202000.0,-1.135,1.0,474000.0,1.0,75733.0,0.0,12039403.0,6036910.0,0.0,11924163.0,11924163.0,0.0,1862408.0,612408.0,1250000.0,,12930000.0,0.0,121000.0,0.0,0.0,28121000.0,-12284000.0,-11989000.0,-2907000.0,0.0,-5518000.0,-5518000.0,-5518000.0,0.0,0.0,-11.641,6392000.0,-5918000.0,318219.0,0.0,,,,291314.0,0.0,,,,0.0,-6663265.0,474000.0,474000.0,4085000.0,-0.26,-0.273,-0.914,-11.641,958000.0,1349000.0,1.0,,2820000.0,2820000.0,0.168,33818925.0,0.0,0.0,0.0,11.993,32880637.0
87,ILMN,MRT,1999-09-30,1999-09-30,1999-09-30,2021-08-06,,,,,,,,,,,,,,,,,,,,,,,0.0,,,,,,,,,,,,,,,,,,1.0,,,,,,,,,,,,,,,,,,,,,,,,,,,,,,,,,,,,,,,,,,,,,,,,,,,,,,1.0,,,,,,,,,,
88,ILMN,MRT,1999-06-30,1999-06-30,1999-06-30,2021-08-06,,,,,,,,,,,,,,,,,,,,,,,0.0,,,,,,,,,,,,,,,,,,1.0,,,,,,,,,,,,,,,,,,,,,,,,,,,,,,,,,,,,,,,,,,,,,,,,,,,,,,1.0,,2353844.0,,,,,,,,
89,ILMN,MRT,1999-03-31,1999-03-31,1999-03-31,2021-08-06,-15189.0,33894658.0,,33493045.0,401613.0,,,,21164114.0,21164114.0,,,54.691,0.058,1500.0,1500.0,0.0,1500.0,1250000.0,,0.0,,,,,,,,,,,,32032250.0,,32032250.0,,,,,,1.0,,,75733.0,,12043903.0,,0.0,11924163.0,11924163.0,0.0,1862408.0,612408.0,1250000.0,,,,,,,,,,,,,,,,,,,,318219.0,,,,,291314.0,,,,,308935.0,-6663265.0,,,,,,,,,,1.0,,,,,33818925.0,0.0,,0.0,,32880637.0
90,ILMN,MRT,1998-12-31,1998-12-31,1998-12-31,2021-08-06,0.0,8557415.0,,8408249.0,149166.0,,,,8233729.0,8233729.0,,,47.459,0.021,1500.0,1500.0,0.0,1500.0,0.0,,0.0,,,,,,,,,,,,8380245.0,,8380245.0,,,,,,1.0,,,113600.0,,34416.0,,0.0,0.0,0.0,0.0,177170.0,177170.0,0.0,,,,,,,,,,,,,,,,,,,,129985.0,,,,,1000.0,,,,,102988.0,-1145620.0,,,,,,,,,,1.0,,,,,8443815.0,0.0,,0.0,,8231079.0
