None,ticker,dimension,calendardate,datekey,reportperiod,lastupdated,accoci,assets,assetsavg,assetsc,assetsnc,assetturnover,bvps,capex,cashneq,cashnequsd,cor,consolinc,currentratio,de,debt,debtc,debtnc,debtusd,deferredrev,depamor,deposits,divyield,dps,ebit,ebitda,ebitdamargin,ebitdausd,ebitusd,ebt,eps,epsdil,epsusd,equity,equityavg,equityusd,ev,evebit,evebitda,fcf,fcfps,fxusd,gp,grossmargin,intangibles,intexp,invcap,invcapavg,inventory,investments,investmentsc,investmentsnc,liabilities,liabilitiesc,liabilitiesnc,marketcap,ncf,ncfbus,ncfcommon,ncfdebt,ncfdiv,ncff,ncfi,ncfinv,ncfo,ncfx,netinc,netinccmn,netinccmnusd,netincdis,netincnci,netmargin,opex,opinc,payables,payoutratio,pb,pe,pe1,ppnenet,prefdivis,price,ps,ps1,receivables,retearn,revenue,revenueusd,rnd,roa,roe,roic,ros,sbcomp,sgna,sharefactor,sharesbas,shareswa,shareswadil,sps,tangibles,taxassets,taxexp,taxliabilities,tbvps,workingcapital
0,FSLR,ARY,2020-12-31,2021-02-26,2020-12-31,2021-07-30,-61726000,7108931000,7028976750.0,3014535000,4094396000,0.386,52.15,-416635000.0,1227002000,1227002000,2030659000.0,398355000.0,3.557,0.288,279231000,41540000,237691000,279231000,188813000,232925000.0,0,0.0,0.0,315097000.0,548022000.0,0.202,548022000.0,315097000.0,291061000.0,3.76,3.73,3.76,5520928000,5328114750.0,5520928000,7639246966.0,24.0,13.94,-379515000.0,-3.585,1.0,680673000.0,0.251,70600000,24036000.0,5243162000,5437879750.0,768816000,785346000,520066000,265280000,1588003000,847398000,740605000,8587017966.0,-172916000.0,0.0,0.0,-68665000.0,0.0,-82587000.0,-131227000.0,290908000.0,37120000.0,3778000.0,398355000.0,398355000.0,398355000.0,0.0,0.0,0.147,363184000.0,317489000.0,183349000,0.0,1.555,21.556,21.548,2645681000,0.0,81.02,3.167,3.164,292456000,2715762000,2711332000.0,2711332000.0,93738000.0,0.057,0.075,0.058,0.116,29267000.0,222918000.0,1.0,105986398,105867000.0,106686000.0,25.611,7038331000,104099000,-107294000.0,14571000,66.483,2167137000
1,FSLR,ARY,2019-12-31,2020-02-21,2019-12-31,2021-07-30,-79334000,7515689000,7241277250.0,3599834000,3915855000,0.423,48.398,-668717000.0,1656598000,1656598000,2513905000.0,-114933000.0,2.731,0.475,471697000,17510000,454187000,471697000,323217000,205475000.0,0,0.0,0.0,-93347000.0,112128000.0,0.037,112128000.0,-93347000.0,-120413000.0,-1.09,-1.09,-1.09,5096767000,5135883750.0,5096767000,4150202475.0,-44.0,37.013,-494516000.0,-4.696,1.0,549212000.0,0.179,79005000,27066000.0,4933575000,5271766500.0,604159000,811506000,811506000,0,2418922000,1318208000,1100714000,5335103475.0,-116113000.0,0.0,0.0,90033000.0,0.0,74943000.0,-362298000.0,309295000.0,174201000.0,-2959000.0,-114933000.0,-114933000.0,-114933000.0,0.0,0.0,-0.038,710997000.0,-161785000.0,218081000,0.0,1.047,-46.419,-46.413,2658126000,0.0,50.59,1.742,1.739,658512000,2326620000,3063117000.0,3063117000.0,96611000.0,-0.016,-0.022,-0.018,-0.03,37429000.0,205471000.0,1.0,105457669,105310000.0,105310000.0,29.087,7436684000,130771000,-5480000.0,17010000,70.617,2281626000
2,FSLR,ARY,2018-12-31,2019-02-22,2018-12-31,2021-07-30,-54466000,7121362000,7020449500.0,3859523000,3261839000,0.32,49.763,-739838000.0,1721952000,1721952000,1851867000.0,144326000.0,4.565,0.366,466791000,5570000,461221000,466791000,129755000,130736000.0,0,0.0,0.0,173688000.0,304424000.0,0.136,304424000.0,173688000.0,147767000.0,1.38,1.36,1.38,5212403000,5163389750.0,5212403000,4380824354.0,25.0,14.391,-1066647000.0,-10.183,1.0,392177000.0,0.175,88624000,25921000.0,4932120000,4598966000.0,517995000,1146890000,1143704000,3186000,1908959000,845457000,1063502000,5635985354.0,-767853000.0,48729000.0,0.0,271988000.0,0.0,255228000.0,-682714000.0,14543000.0,-326809000.0,-13558000.0,144326000.0,144326000.0,144326000.0,0.0,0.0,0.064,352064000.0,40113000.0,233287000,0.0,1.081,39.05,38.935,2064851000,0.0,53.73,2.512,2.508,609280000,2441553000,2244044000.0,2244044000.0,84472000.0,0.021,0.028,0.038,0.077,34154000.0,176857000.0,1.0,104894572,104745000.0,106113000.0,21.424,7032738000,77682000,3441000.0,20885000,67.142,3014066000
3,FSLR,ARY,2017-12-31,2018-02-23,2017-12-31,2021-07-30,2259000,6864501000,6800995750.0,3832772000,3031729000,0.432,48.872,-514357000.0,2693317000,2693317000,2392377000.0,-165615000.0,5.894,0.346,393540000,13075000,380465000,393540000,81816000,115313000.0,0,0.0,0.0,232146000.0,347459000.0,0.118,347459000.0,232146000.0,206381000.0,-1.59,-1.59,-1.59,5098697000,5282552000.0,5098697000,4155711994.0,18.0,11.96,826320000.0,7.92,1.0,548947000.0,0.187,94689000,25765000.0,3819759000,4215957000.0,285647000,939882000,720379000,219503000,1765804000,650276000,1115528000,6455488994.0,914786000.0,1740000.0,0.0,234362000.0,0.0,192045000.0,-626802000.0,-113942000.0,1340677000.0,8866000.0,-165615000.0,-165615000.0,-165615000.0,0.0,0.0,-0.056,371096000.0,177851000.0,120220000,0.0,1.266,-38.979,-38.862,1571645000,0.0,61.79,2.195,2.192,455186000,2297227000,2941324000.0,2941324000.0,88573000.0,-0.024,-0.031,0.055,0.079,35121000.0,202699000.0,1.0,104474656,104328000.0,104328000.0,28.193,6769812000,51417000,371996000.0,19581000,64.89,3182496000
4,FSLR,ARY,2016-12-31,2017-02-22,2016-12-31,2021-07-30,-9907000,6867213000,7519170500.0,3786620000,3080593000,0.393,50.675,-229452000.0,1718462000,1718462000,2247349000.0,-357964000.0,4.209,0.317,188388000,27966000,160422000,188388000,400063000,230940000.0,0,0.0,0.0,-279207000.0,-48267000.0,-0.016,-48267000.0,-279207000.0,-299745000.0,-3.48,-3.48,-3.48,5212687000,5675509000.0,5212687000,1962706277.0,-7.0,-40.664,-22699000.0,-0.221,1.0,703979000.0,0.239,102432000,20538000.0,4335000000,5077002500.0,463731000,850352000,607991000,242361000,1654526000,899707000,754819000,3492780277.0,208574000.0,-11979000.0,0.0,-110551000.0,0.0,-136393000.0,144520000.0,395910000.0,206753000.0,-6306000.0,-357964000.0,-357964000.0,-357964000.0,0.0,0.0,-0.121,1206569000.0,-502590000.0,148730000,0.0,0.67,-9.757,-9.647,1077743000,0.0,33.57,1.183,1.17,541954000,2463279000,2951328000.0,2951328000.0,124762000.0,-0.048,-0.063,-0.055,-0.095,28712000.0,261994000.0,1.0,104044691,102866000.0,102866000.0,28.691,6764781000,252655000,58219000.0,5288000,65.763,2886913000
5,FSLR,ARY,2015-12-31,2016-02-24,2015-12-31,2021-07-30,15480000,7316331000,6963863000.0,3345586000,3970745000,0.514,54.998,-166361000.0,1460704000,1460704000,2659728000.0,546421000.0,3.482,0.319,289415000,38090000,251325000,289415000,116522000,257825000.0,0,0.0,0.0,547240000.0,805065000.0,0.225,805065000.0,547240000.0,540265000.0,5.42,5.37,5.42,5548487000,5241447750.0,5548487000,5896475682.0,11.0,7.324,-527280000.0,-5.226,1.0,919267000.0,0.257,194987000,6975000.0,4989255000,4678078250.0,488183000,1103259000,703454000,399805000,1767844000,960800000,807044000,7067764682.0,-355228000.0,2703000.0,0.0,143667000.0,0.0,137103000.0,-112140000.0,8385000.0,-360919000.0,-19272000.0,546421000.0,546421000.0,546421000.0,0.0,0.0,0.153,402603000.0,516664000.0,337668000,0.0,1.274,12.935,12.814,1377877000,0.0,69.45,1.975,1.958,578963000,2790110000,3578995000.0,3578995000.0,130593000.0,0.078,0.104,0.117,0.153,27192000.0,255192000.0,1.0,101767670,100886000.0,101815000.0,35.476,7121344000,357693000,-6156000.0,1330000,70.588,2384786000
6,FSLR,ARY,2014-12-31,2015-02-25,2014-12-31,2021-07-30,50140000,6724439000,6538190250.0,3190466000,3533973000,0.519,50.251,-256017000.0,1889107000,1889107000,2564709000.0,396918000.0,3.187,0.338,216921000,51918000,165003000,216921000,255937000,0.0,0,0.0,0.0,429024000.0,429024000.0,0.126,429024000.0,429024000.0,427042000.0,3.97,3.91,3.97,5027487000,4780512000.0,5027487000,4198898489.0,10.0,9.787,424972000.0,4.248,1.0,827105000.0,0.244,204221000,1982000.0,3846936000,4134241000.0,620705000,764061000,509032000,255029000,1696952000,1001096000,695856000,5871084489.0,156982000.0,-27481000.0,0.0,5500000.0,0.0,7359000.0,-511879000.0,-102463000.0,680989000.0,-19487000.0,396918000.0,396918000.0,396918000.0,0.0,0.0,0.117,402942000.0,424163000.0,214656000,0.0,1.168,14.792,14.746,1448697000,0.0,58.54,1.731,1.727,234019000,2279689000,3391814000.0,3391814000.0,143969000.0,0.061,0.083,0.104,0.126,-31166000.0,253827000.0,1.0,100291843,100048000.0,101643000.0,33.902,6520218000,313891000,30124000.0,1727000,65.171,2189370000
7,FSLR,ARY,2013-12-31,2014-02-26,2013-12-31,2021-07-30,-25776000,6883502000,6727190750.0,3792764000,3090738000,0.492,48.06,-166173000.0,1604513000,1604513000,2446235000.0,353038000.0,2.388,0.529,223323000,60543000,162780000,223323000,642214000,0.0,0,0.0,0.0,380101000.0,380101000.0,0.115,380101000.0,380101000.0,378217000.0,3.77,3.7,3.77,4503117000,4188303000.0,4503117000,3867114756.0,10.0,10.174,689953000.0,7.364,1.0,862754000.0,0.261,84985000,1884000.0,3829266000,3961058250.0,518615000,439102000,439102000,0,2380385000,1588061000,792324000,5248304756.0,423778000.0,-13637000.0,429244000.0,-334954000.0,0.0,101164000.0,-537106000.0,-358936000.0,856126000.0,3594000.0,353038000.0,353038000.0,353038000.0,0.0,0.0,0.107,494225000.0,368529000.0,261333000,0.0,1.165,14.866,13.989,1385084000,0.0,52.74,1.586,1.493,658698000,1882771000,3308989000.0,3308989000.0,134300000.0,0.052,0.084,0.096,0.115,-35076000.0,270261000.0,1.0,99512794,93697000.0,95468000.0,35.316,6798517000,360502000,25179000.0,6707000,72.559,2204703000
8,FSLR,ARY,2012-12-31,2013-02-27,2012-12-31,2021-07-30,10179000,6348692000,5897816750.0,2832324000,3516368000,0.571,41.51,-379228000.0,1202694000,1202694000,2515796000.0,-96338000.0,2.572,0.761,562572000,62349000,500223000,562572000,638574000,0.0,0,0.0,0.0,-25916000.0,-25916000.0,-0.008,-25916000.0,-25916000.0,-39804000.0,-1.11,-1.11,-1.11,3605526000,3408528750.0,3605526000,1716590220.0,-66.0,-66.237,382981000.0,4.409,1.0,852749000.0,0.253,65444000,13888000.0,4541752000,4384198000.0,569296000,102578000,102578000,0,2743166000,1101374000,1641792000,2356712220.0,295675000.0,-19598000.0,176000.0,-108842000.0,0.0,-89109000.0,-383732000.0,-1204000.0,762209000.0,6307000.0,-96338000.0,-96338000.0,-96338000.0,0.0,0.0,-0.029,890312000.0,-37563000.0,350230000,0.0,0.654,-24.463,-24.36,1525382000,0.0,27.04,0.7,0.697,972279000,1529733000,3368545000.0,3368545000.0,132460000.0,-0.016,-0.028,-0.006,-0.008,-27373000.0,280928000.0,1.0,87156517,86860000.0,86860000.0,38.781,6283248000,361543000,56534000.0,5474000,72.338,1730950000
9,FSLR,ARY,2011-12-31,2012-02-29,2011-12-31,2021-07-30,-5037000,5777614000,5218534750.0,2613261000,3164353000,0.53,42.338,-731814000.0,806169000,806169000,1794456000.0,-39493000.0,2.684,0.586,663648000,44505000,619143000,663648000,0,0.0,0,0.0,0.0,-53613000.0,-53613000.0,-0.019,-53613000.0,-53613000.0,-53713000.0,-0.46,-0.46,-0.46,3643863000,3729258500.0,3643863000,2650976768.0,-49.0,-49.447,-765277000.0,-8.892,1.0,971751000.0,0.351,65444000,100000.0,4595925000,3922551000.0,536618000,182338000,66146000,116192000,2133751000,973724000,1160027000,2793497768.0,-160070000.0,-21105000.0,8326000.0,436312000.0,0.0,571218000.0,-676457000.0,98624000.0,-33463000.0,-21368000.0,-39493000.0,-39493000.0,-39493000.0,0.0,0.0,-0.014,1040415000.0,-68664000.0,176448000,0.0,0.767,-70.734,-70.217,1815958000,0.0,32.3,1.01,1.005,843967000,1626071000,2766207000.0,2766207000.0,140523000.0,-0.008,-0.011,-0.014,-0.019,-110836000.0,412541000.0,1.0,86485999,86067000.0,86067000.0,32.14,5712170000,381418000,-14220000.0,9541000,66.369,1639537000
10,FSLR,ARY,2010-12-31,2011-02-28,2010-12-31,2021-07-30,-27243000,4380403000,3921750750.0,1584460000,2795943000,0.654,40.699,-588914000.0,851692000,851692000,1378669000.0,664201000.0,3.374,0.268,237391000,26587000,210804000,237391000,0,0.0,0,0.0,0.0,762083000.0,762083000.0,0.297,762083000.0,762083000.0,762077000.0,7.82,7.68,7.82,3454945000,3153848000.0,3454945000,12045774989.0,16.0,15.806,116578000.0,1.373,1.0,1184846000.0,0.462,433288000,6000.0,2863137000,2700851500.0,243170000,348160000,167889000,180271000,925458000,469677000,455781000,12660075989.0,101190000.0,-267900000.0,9379000.0,72121000.0,0.0,150451000.0,-742085000.0,113428000.0,705492000.0,-12668000.0,664201000.0,664201000.0,664201000.0,0.0,0.0,0.259,435943000.0,748903000.0,82312000,0.0,3.664,19.061,18.848,1430789000,0.0,147.39,4.939,4.881,307019000,1665564000,2563515000.0,2563515000.0,94797000.0,0.169,0.211,0.282,0.297,-69367000.0,321704000.0,1.0,85895081,84891000.0,86491000.0,30.198,3947115000,259624000,97876000.0,16831000,46.496,1114783000
11,FSLR,ARY,2009-12-31,2010-02-22,2009-12-26,2021-07-30,-9596000,3349512000,2910798750.0,1351271000,1998241000,0.71,31.77,-279941000.0,700993000,700993000,1021618000.0,640138000.0,3.422,0.263,174958000,28559000,146399000,174958000,0,0.0,0,0.0,0.0,691572000.0,691572000.0,0.335,691572000.0,691572000.0,686314000.0,7.67,7.53,7.67,2652787000,2275631000.0,2652787000,9112538395.0,13.0,13.177,395252000.0,4.734,1.0,1044582000.0,0.506,286515000,5258000.0,2142035000,1999868250.0,174516000,474844000,120236000,354608000,696725000,394927000,301798000,9638573395.0,-51719000.0,318000.0,5961000.0,-33485000.0,0.0,-22021000.0,-701690000.0,-420815000.0,675193000.0,-3201000.0,640138000.0,640138000.0,640138000.0,0.0,0.0,0.31,364967000.0,679615000.0,75744000,0.0,3.633,15.057,14.744,988782000,0.0,113.09,4.665,4.57,226826000,1001363000,2066200000.0,2066200000.0,78161000.0,0.22,0.281,0.346,0.335,-4892000.0,272898000.0,1.0,85229228,83500000.0,85044000.0,24.745,3062997000,152194000,46176000.0,8740000,36.683,956344000
12,FSLR,ARY,2008-12-31,2009-02-25,2008-12-27,2021-07-30,-24421000,2114502000,1781660250.0,1077401000,1037101000,0.7,18.871,-459271000.0,746277000,746277000,567908000.0,348330000.0,2.822,0.398,198470000,34951000,163519000,198470000,0,0.0,0,0.0,0.0,464285000.0,464285000.0,0.373,464285000.0,464285000.0,463776000.0,4.34,4.24,4.34,1513042000,1324997500.0,1513042000,8241159373.0,18.0,17.75,3796000.0,0.047,1.0,678393000.0,0.544,33829000,509000.0,1151089000,990529500.0,121554000,130601000,76042000,54559000,601460000,381777000,219683000,8788966373.0,311954000.0,-25000000.0,16036000.0,97196000.0,0.0,177549000.0,-308441000.0,175830000.0,463067000.0,-20221000.0,348330000.0,348330000.0,348330000.0,0.0,0.0,0.279,240054000.0,438339000.0,46251000,0.0,5.809,25.232,24.804,842622000,0.0,107.65,7.052,6.925,61703000,361225000,1246301000.0,1246301000.0,33517000.0,0.196,0.263,0.469,0.373,-28661000.0,174039000.0,1.0,81643905,80178000.0,82124000.0,15.544,2080673000,71247000,115446000.0,99938000,25.951,695624000
13,FSLR,ARY,2007-12-31,2008-02-21,2007-12-29,2021-07-30,4518000,1371312000,972610750.0,802509000,568803000,0.518,14.689,-242371000.0,404264000,404264000,252573000.0,158354000.0,4.304,0.25,108165000,39309000,68856000,108165000,0,0.0,0,0.0,0.0,158256000.0,158256000.0,0.314,158256000.0,158256000.0,155962000.0,2.12,2.03,2.12,1097267000,735402000.0,1097267000,16345419376.0,103.0,103.285,-36420000.0,-0.488,1.0,251403000.0,0.499,33449000,2294000.0,855286000,722766250.0,40204000,280094000,232686000,47408000,274045000,186478000,87567000,16641518376.0,96172000.0,-5500000.0,376142000.0,14611000.0,0.0,430421000.0,-547250000.0,-299379000.0,205951000.0,7050000.0,158354000.0,158354000.0,158354000.0,0.0,0.0,0.314,114222000.0,137181000.0,132366000,0.0,15.166,105.091,99.807,430104000,0.0,211.59,33.02,31.363,18165000,12895000,503976000.0,503976000.0,15107000.0,0.163,0.215,0.219,0.314,-30196000.0,82248000.0,1.0,78649834,74701000.0,77971000.0,6.747,1337863000,55701000,-2392000.0,0,17.91,616031000
14,FSLR,ARY,2006-12-31,2007-03-16,2006-12-30,2021-07-30,1022000,578510000,,388522000,189988000,,7.307,-153150000.0,308092000,308092000,80730000.0,3974000.0,7.461,0.284,80697000,19650000,61047000,80697000,0,0.0,0,0.0,0.0,10203000.0,10203000.0,0.076,10203000.0,10203000.0,9180000.0,0.07,0.07,0.07,411440000,,411440000,3500757991.0,343.0,343.111,-153726000.0,-2.73,1.0,54244000.0,0.402,0,1023000.0,299042000,,16510000,8547000,323000,8224000,116844000,52073000,64771000,3728152991.0,291371000.0,0.0,302750000.0,101998000.0,0.0,451550000.0,-159994000.0,-6804000.0,-576000.0,391000.0,3974000.0,3974000.0,3974000.0,0.0,0.0,0.029,51434000.0,2810000.0,32083000,0.0,9.061,938.136,736.0,178868000,0.0,51.52,27.621,21.494,27966000,-145403000,134974000.0,134974000.0,6361000.0,,,,0.076,0.0,33348000.0,1.0,72363218,56310000.0,58255000.0,2.397,578510000,0,5206000.0,0,10.274,336449000
0,FSLR,ARQ,2021-06-30,2021-07-30,2021-06-30,2021-07-30,-83461000,7248473000,,3155476000,4092997000,,54.402,-90627000.0,1346888000,1346888000,455062000.0,82449000.0,4.774,0.253,279323000,3239000,276084000,279323000,237244000,65708000.0,0,0.0,0.0,107418000.0,173126000.0,0.275,173126000.0,107418000.0,102795000.0,0.78,0.77,0.78,5783635000,,5783635000,8080147744.0,13.0,9.277,86622000.0,0.815,1.0,174118000.0,0.277,65131000,4623000.0,5454854000,,829776000,418505000,418505000,0,1464838000,660923000,803915000,9147712744.0,399418000.0,151434000.0,0.0,22482000.0,0.0,22361000.0,198250000.0,144114000.0,177249000.0,1558000.0,82449000.0,82449000.0,82449000.0,0.0,0.0,0.131,61996000.0,112122000.0,148326000,0.0,1.582,16.252,16.203,2630011000,0.0,86.04,3.081,3.081,597624000,3007882000,629180000.0,629180000.0,23935000.0,,,,,5430000.0,36346000.0,1.0,106319302,106313000.0,106836000.0,5.918,7183342000,107450000,20346000.0,21671000,67.568,2494553000
1,FSLR,ARQ,2021-03-31,2021-04-30,2021-03-31,2021-07-30,-84650000,7108910000,,3136890000,3972020000,,53.68,-90155000.0,972879000,972879000,618607000.0,209671000.0,4.687,0.248,256900000,2453000,254447000,256900000,206530000,63205000.0,0,0.0,0.0,259157000.0,322362000.0,0.401,322362000.0,259157000.0,256161000.0,1.98,1.96,1.98,5694780000,,5694780000,7420065273.0,13.0,9.208,-369633000.0,-3.484,1.0,184767000.0,0.23,67866000,2996000.0,5655724000,,755366000,562735000,562735000,0,1414130000,669341000,744789000,8136044273.0,-39743000.0,145969000.0,0.0,-15762000.0,0.0,-31451000.0,271838000.0,215981000.0,-279478000.0,-652000.0,209671000.0,209671000.0,209671000.0,0.0,0.0,0.261,83314000.0,101453000.0,186087000,0.0,1.429,15.727,15.682,2634402000,0.0,76.53,2.728,2.722,817100000,2925433000,803374000.0,803374000.0,19873000.0,,,,,3115000.0,52087000.0,1.0,106311829,106088000.0,106890000.0,7.573,7041044000,106803000,46490000.0,15351000,66.37,2467549000
2,FSLR,ARQ,2020-12-31,2021-02-26,2020-12-31,2021-07-30,-61726000,7108931000,,3014535000,4094396000,,52.095,-89351000.0,1227002000,1227002000,449372000.0,115703000.0,3.557,0.288,279231000,41540000,237691000,279231000,188813000,59648000.0,0,0.0,0.0,52321000.0,111969000.0,0.184,111969000.0,52321000.0,49303000.0,1.09,1.08,1.09,5520928000,,5520928000,7639246966.0,24.0,13.94,96967000.0,0.915,1.0,159860000.0,0.262,70600000,3018000.0,5243162000,,768816000,785346000,520066000,265280000,1588003000,847398000,740605000,8587017966.0,-43095000.0,0.0,0.0,15674000.0,0.0,15609000.0,-247549000.0,-166275000.0,186318000.0,2527000.0,115703000.0,115703000.0,115703000.0,0.0,0.0,0.19,102086000.0,57774000.0,183349000,0.0,1.555,21.556,21.548,2645681000,0.0,81.02,3.167,3.164,292456000,2715762000,609232000.0,609232000.0,22670000.0,,,,,11078000.0,62700000.0,1.0,105986398,105978000.0,107133000.0,5.749,7038331000,104099000,-66400000.0,14571000,66.413,2167137000
3,FSLR,ARQ,2020-09-30,2020-10-28,2020-09-30,2021-07-30,-59697000,6985217000,,2800493000,4184724000,,50.923,-106332000.0,1277054000,1277054000,634550000.0,155037000.0,3.831,0.294,260868000,40412000,220456000,260868000,115592000,59401000.0,0,0.0,0.0,204119000.0,263520000.0,0.284,263520000.0,204119000.0,193144000.0,1.46,1.45,1.46,5396113000,,5396113000,8872450329.0,51.0,21.943,101565000.0,0.958,1.0,293015000.0,0.316,72931000,10975000.0,5165009000,,765305000,615326000,353819000,261507000,1589104000,731091000,858013000,9888636329.0,168878000.0,0.0,0.0,-75238000.0,0.0,-75527000.0,35035000.0,141319000.0,207897000.0,1473000.0,155037000.0,155037000.0,155037000.0,0.0,0.0,0.167,85852000.0,207163000.0,153925000,0.0,1.833,44.295,44.223,2643991000,0.0,93.31,2.824,2.824,307232000,2600059000,927565000.0,927565000.0,22972000.0,,,,,7209000.0,49861000.0,1.0,105976169,105967000.0,106751000.0,8.753,6912286000,210340000,38107000.0,32172000,65.231,2069402000
4,FSLR,ARQ,2020-06-30,2020-08-07,2020-06-30,2021-07-30,-67260000,7072618000,,2731176000,4341442000,,49.343,-108406000.0,1052700000,1052700000,504951000.0,36911000.0,3.656,0.353,464756000,77029000,387727000,464756000,130575000,57597000.0,0,0.0,0.0,50379000.0,107976000.0,0.168,107976000.0,50379000.0,47125000.0,0.35,0.35,0.35,5226796000,,5226796000,7140082137.0,324.0,29.432,39363000.0,0.372,1.0,137460000.0,0.214,75656000,3254000.0,5661982000,,703270000,747316000,494080000,253236000,1845822000,747036000,1098786000,7728026137.0,128933000.0,0.0,0.0,-8776000.0,0.0,-9229000.0,-15159000.0,92722000.0,147769000.0,5552000.0,36911000.0,36911000.0,36911000.0,0.0,0.0,0.057,86564000.0,50896000.0,158800000,0.0,1.479,78.196,77.585,2789956000,0.0,72.93,2.476,2.475,351723000,2445022000,642411000.0,642411000.0,22483000.0,,,,,3776000.0,51770000.0,1.0,105964982,105927000.0,106473000.0,6.065,6996962000,204942000,10214000.0,16951000,66.055,1984140000
5,FSLR,ARQ,2020-03-31,2020-05-08,2020-03-31,2021-07-30,-83650000,6949141000,,2747843000,4201298000,,48.948,-112546000.0,929355000,929355000,441786000.0,90704000.0,3.752,0.344,472395000,81807000,390588000,472395000,136998000,56279000.0,0,0.0,0.0,8278000.0,64557000.0,0.121,64557000.0,8278000.0,1489000.0,0.86,0.85,0.86,5168622000,,5168622000,4219899037.0,-161.0,22.604,-617410000.0,-5.847,1.0,90338000.0,0.17,78380000,6789000.0,5681366000,,662051000,825750000,579340000,246410000,1780519000,732435000,1048084000,4676859037.0,-427632000.0,0.0,0.0,-325000.0,0.0,-13440000.0,96446000.0,223142000.0,-504864000.0,-5774000.0,90704000.0,90704000.0,90704000.0,0.0,0.0,0.17,88682000.0,1656000.0,173762000,0.0,0.905,107.836,107.707,2714884000,0.0,44.16,1.527,1.522,411390000,2408111000,532124000.0,532124000.0,25613000.0,,,,,7204000.0,58587000.0,1.0,105907134,105595000.0,106386000.0,5.039,6870761000,213600000,-89215000.0,8287000,65.067,2015408000
6,FSLR,ARQ,2019-12-31,2020-02-21,2019-12-31,2021-07-30,-79334000,7515689000,,3599834000,3915855000,,48.345,-158146000.0,1656598000,1656598000,1065822000.0,-59408000.0,2.731,0.475,471697000,17510000,454187000,471697000,323217000,55505000.0,0,0.0,0.0,-87225000.0,-31720000.0,-0.023,-31720000.0,-87225000.0,-90273000.0,-0.56,-0.56,-0.56,5096767000,,5096767000,4150202475.0,-44.0,37.013,623547000.0,5.915,1.0,333555000.0,0.238,79005000,3048000.0,4933575000,,604159000,811506000,811506000,0,2418922000,1318208000,1100714000,5335103475.0,471004000.0,0.0,0.0,-6780000.0,0.0,-6799000.0,-307663000.0,-143614000.0,781693000.0,3773000.0,-59408000.0,-59408000.0,-59408000.0,0.0,0.0,-0.042,451421000.0,-117866000.0,218081000,0.0,1.047,-46.419,-46.413,2658126000,0.0,50.59,1.742,1.739,658512000,2326620000,1399377000.0,1399377000.0,25427000.0,,,,,12021000.0,55643000.0,1.0,105457669,105424000.0,105424000.0,13.274,7436684000,130771000,-30865000.0,17010000,70.541,2281626000
7,FSLR,ARQ,2019-09-30,2019-10-25,2019-09-30,2021-07-30,-39518000,7054687000,,3043490000,4011197000,,49.171,-182735000.0,1184468000,1184468000,408443000.0,30622000.0,4.0,0.361,480304000,28240000,452064000,480304000,93283000,51154000.0,0,0.0,0.0,50633000.0,101787000.0,0.186,101787000.0,50633000.0,45657000.0,0.29,0.29,0.29,5182483000,,5182483000,4846560510.0,91.0,19.817,-500357000.0,-4.747,1.0,138363000.0,0.253,81247000,4976000.0,5508470000,,729344000,661552000,661552000,0,1872204000,760806000,1111398000,5550724510.0,-358062000.0,0.0,0.0,0.0,0.0,1023000.0,-36749000.0,145858000.0,-317622000.0,-4714000.0,30622000.0,30622000.0,30622000.0,0.0,0.0,0.056,97059000.0,41304000.0,218088000,0.0,1.071,-1628.256,-1755.333,2591561000,0.0,52.66,2.357,2.357,532319000,2386028000,546806000.0,546806000.0,24912000.0,,,,,9626000.0,53542000.0,1.0,105406846,105397000.0,106227000.0,5.188,6973440000,66114000,15035000.0,15409000,66.164,2282684000
8,FSLR,ARQ,2019-06-30,2019-08-02,2019-06-30,2021-07-30,-46920000,7137807000,,3412246000,3725561000,,48.735,-178668000.0,1550159000,1550159000,507774000.0,-18548000.0,4.046,0.39,481288000,28312000,452976000,481288000,112237000,49944000.0,0,0.0,0.0,2117000.0,52061000.0,0.089,52061000.0,2117000.0,-6804000.0,-0.18,-0.18,-0.18,5135124000,,5135124000,5953581859.0,91.0,24.75,-165098000.0,-1.567,1.0,77182000.0,0.132,83581000,8921000.0,5142036000,,735778000,807561000,807561000,0,2002683000,843319000,1159364000,7022452859.0,126943000.0,0.0,0.0,-6987000.0,0.0,-7119000.0,121885000.0,297675000.0,13570000.0,-1393000.0,-18548000.0,-18548000.0,-18548000.0,0.0,0.0,-0.032,85766000.0,-8584000.0,242541000,0.0,1.368,296.069,289.696,2310991000,0.0,66.63,2.827,2.826,397499000,2355406000,584956000.0,584956000.0,24395000.0,,,,,10763000.0,50934000.0,1.0,105394760,105369000.0,105369000.0,5.551,7054226000,76892000,11744000.0,15293000,66.948,2568927000
9,FSLR,ARQ,2019-03-31,2019-05-03,2019-03-31,2021-07-30,-59013000,7256926000,,3662826000,3594100000,,48.828,-149168000.0,1402039000,1402039000,531866000.0,-67599000.0,4.379,0.415,570717000,12361000,558356000,570717000,166984000,48872000.0,0,0.0,0.0,-58872000.0,-10000000.0,-0.019,-10000000.0,-58872000.0,-68993000.0,-0.64,-0.64,-0.64,5129161000,,5129161000,5675290706.0,377.0,33.336,-452608000.0,-4.309,1.0,112000.0,0.0,86103000,10121000.0,5502985000,,601664000,1103812000,1103812000,0,2127765000,836516000,1291249000,6506612706.0,-355998000.0,0.0,0.0,103800000.0,0.0,87838000.0,-139771000.0,9376000.0,-303440000.0,-625000.0,-67599000.0,-67599000.0,-67599000.0,0.0,0.0,-0.127,76751000.0,-76639000.0,221738000,0.0,1.269,-1045.407,-1235.2,2164921000,0.0,61.76,2.946,2.937,668809000,2373954000,531978000.0,531978000.0,21877000.0,,,,,5019000.0,45352000.0,1.0,105353185,105046000.0,105046000.0,5.064,7170823000,78283000,-1394000.0,7865000,68.264,2826310000
10,FSLR,ARQ,2018-12-31,2019-02-22,2018-12-31,2021-07-30,-54466000,7121362000,,3859523000,3261839000,,49.714,-129218000.0,1721952000,1721952000,592931000.0,52116000.0,4.565,0.366,466791000,5570000,461221000,466791000,129755000,41544000.0,0,0.0,0.0,59176000.0,100720000.0,0.146,100720000.0,59176000.0,47700000.0,0.5,0.49,0.5,5212403000,,5212403000,4380824354.0,25.0,14.391,-314717000.0,-3.002,1.0,98310000.0,0.142,88624000,11476000.0,4932120000,,517995000,1146890000,1143704000,3186000,1908959000,845457000,1063502000,5635985354.0,38451000.0,270000.0,0.0,116331000.0,0.0,112045000.0,113009000.0,242282000.0,-185499000.0,-1104000.0,52116000.0,52116000.0,52116000.0,0.0,0.0,0.075,87302000.0,11008000.0,233287000,0.0,1.081,39.05,38.935,2064851000,0.0,53.73,2.512,2.508,609280000,2441553000,691241000.0,691241000.0,21388000.0,,,,,7367000.0,51338000.0,1.0,104894572,104847000.0,105819000.0,6.593,7032738000,77682000,-4416000.0,20885000,67.076,3014066000
11,FSLR,ARQ,2018-09-30,2018-10-26,2018-09-30,2021-07-30,-35171000,7094555000,,3886089000,3208466000,,49.339,-237997000.0,1776008000,1776008000,547093000.0,57750000.0,4.476,0.372,466103000,2618000,463485000,466103000,215900000,34428000.0,0,0.0,0.0,63344000.0,97772000.0,0.145,97772000.0,63344000.0,60146000.0,0.55,0.54,0.55,5170957000,,5170957000,2817184719.0,32.0,13.957,-463163000.0,-4.419,1.0,129127000.0,0.191,89047000,3198000.0,4827419000,,420304000,1298241000,1295049000,3192000,1923598000,868184000,1055414000,4127089719.0,-574253000.0,90000.0,0.0,73599000.0,0.0,73192000.0,-422902000.0,-185145000.0,-225166000.0,623000.0,57750000.0,57750000.0,57750000.0,0.0,0.0,0.085,70652000.0,58475000.0,154602000,0.0,0.798,-12.13,-12.041,1981622000,0.0,39.375,2.181,2.181,584141000,2389438000,676220000.0,676220000.0,22390000.0,,,,,7551000.0,33539000.0,1.0,104814977,104804000.0,106163000.0,6.452,7005508000,108636000,2396000.0,49941000,66.844,3017905000
12,FSLR,ARQ,2018-06-30,2018-07-27,2018-06-30,2021-07-30,-30237000,7025692000,,3986040000,3039652000,,48.779,-194898000.0,2356534000,2356534000,317376000.0,-48491000.0,4.888,0.375,456295000,7741000,448554000,456295000,199482000,30345000.0,0,0.0,0.0,-48590000.0,-18245000.0,-0.059,-18245000.0,-48590000.0,-54655000.0,-0.46,-0.46,-0.46,5110828000,,5110828000,3512786882.0,15.0,10.032,-65756000.0,-0.628,1.0,-8058000.0,-0.026,91557000,6065000.0,4218484000,,353361000,1118531000,1110421000,8110000,1914864000,815412000,1099452000,5413025882.0,150842000.0,48369000.0,0.0,28031000.0,0.0,27835000.0,1868000.0,149142000.0,129142000.0,-8003000.0,-48491000.0,-48491000.0,-48491000.0,0.0,0.0,-0.157,95576000.0,-103634000.0,161139000,0.0,1.059,-28.157,-27.919,1800741000,0.0,51.65,2.351,2.35,324488000,2331688000,309318000.0,309318000.0,20370000.0,,,,,10584000.0,50854000.0,1.0,104802050,104776000.0,104776000.0,2.952,6934135000,93730000,-6164000.0,29822000,66.181,3170628000
13,FSLR,ARQ,2018-03-31,2018-04-27,2018-03-31,2021-07-30,-18583000,6840189000,,3770299000,3069890000,,49.348,-177725000.0,2212420000,2212420000,394467000.0,82951000.0,6.809,0.326,437879000,6062000,431817000,437879000,67336000,24419000.0,0,0.0,0.0,99758000.0,124177000.0,0.219,124177000.0,99758000.0,94576000.0,0.79,0.78,0.79,5159371000,,5159371000,6391750674.0,21.0,15.413,-223011000.0,-2.133,1.0,172798000.0,0.305,94069000,5182000.0,4417841000,,290467000,1221091000,1020136000,200955000,1680818000,553738000,1127080000,8166291674.0,-382893000.0,0.0,0.0,54027000.0,0.0,42156000.0,-374689000.0,-191736000.0,-45286000.0,-5074000.0,82951000.0,82951000.0,82951000.0,0.0,0.0,0.146,98534000.0,74264000.0,136897000,0.0,1.583,-88.964,-87.584,1666785000,0.0,77.95,3.121,3.114,492879000,2380178000,567265000.0,567265000.0,20324000.0,,,,,8652000.0,41126000.0,1.0,104763203,104550000.0,106305000.0,5.426,6746120000,64427000,11625000.0,10164000,64.525,3216561000
14,FSLR,ARQ,2017-12-31,2018-02-23,2017-12-31,2021-07-30,2259000,6864501000,,3832772000,3031729000,,48.814,-199228000.0,2693317000,2693317000,277111000.0,-432454000.0,5.894,0.346,393540000,13075000,380465000,393540000,81816000,25761000.0,0,0.0,0.0,-27616000.0,-1855000.0,-0.005,-1855000.0,-27616000.0,-33689000.0,-4.15,-4.13,-4.15,5098697000,,5098697000,4155711994.0,18.0,11.96,234730000.0,2.247,1.0,62070000.0,0.183,94689000,6073000.0,3819759000,,285647000,939882000,720379000,219503000,1765804000,650276000,1115528000,6455488994.0,251000000.0,1740000.0,0.0,56281000.0,0.0,40439000.0,-222843000.0,-21927000.0,433958000.0,-554000.0,-432454000.0,-432454000.0,-432454000.0,0.0,0.0,-1.275,97141000.0,-35071000.0,120220000,0.0,1.266,-38.979,-38.862,1571645000,0.0,61.79,2.195,2.192,455186000,2297227000,339181000.0,339181000.0,23583000.0,,,,,9594000.0,54997000.0,1.0,104474656,104451000.0,102645000.0,3.247,6769812000,51417000,398765000.0,19581000,64.813,3182496000
15,FSLR,ARQ,2017-09-30,2017-10-27,2017-09-30,2021-07-30,-5856000,7054693000,,3966494000,3088199000,,52.785,-97627000.0,2427946000,2427946000,795226000.0,205747000.0,6.85,0.28,343660000,13451000,330209000,343660000,69095000,28612000.0,0,0.0,0.0,217476000.0,246088000.0,0.226,246088000.0,217476000.0,213327000.0,1.97,1.95,1.97,5512396000,,5512396000,3938364418.0,-11.0,-17.988,483752000.0,4.632,1.0,291800000.0,0.268,96227000,4149000.0,4295163000,,327967000,927205000,699544000,227661000,1542297000,579017000,963280000,6022650418.0,524898000.0,0.0,0.0,20266000.0,0.0,14688000.0,-77517000.0,19453000.0,581379000.0,6348000.0,205747000.0,205747000.0,205747000.0,0.0,0.0,0.189,84811000.0,206989000.0,130704000,0.0,1.093,-14.031,-13.666,1394602000,0.0,57.67,1.954,1.954,869195000,2729681000,1087026000.0,1087026000.0,20850000.0,,,,,10104000.0,50546000.0,1.0,104432988,104432000.0,105660000.0,10.409,6958466000,276423000,7580000.0,4396000,66.632,3387477000
16,FSLR,ARQ,2017-06-30,2017-07-28,2017-06-30,2021-07-30,-12023000,6680286000,,3436912000,3243374000,,50.713,-104509000.0,1893238000,1893238000,512433000.0,51963000.0,6.821,0.263,321033000,13574000,307459000,321033000,31503000,27972000.0,0,0.0,0.0,18309000.0,46281000.0,0.074,46281000.0,18309000.0,11935000.0,0.5,0.5,0.5,5291309000,,5291309000,3530673485.0,-7.0,-11.82,-272313000.0,-2.61,1.0,110893000.0,0.178,98296000,6374000.0,4505937000,,446221000,945536000,719569000,225967000,1388977000,503848000,885129000,5102878485.0,-155923000.0,0.0,0.0,42168000.0,0.0,34754000.0,-33252000.0,70137000.0,-167804000.0,10379000.0,51963000.0,51963000.0,51963000.0,0.0,0.0,0.083,96965000.0,13928000.0,118075000,0.0,0.964,-10.612,-10.398,1246554000,0.0,48.87,1.902,1.9,678510000,2523934000,623326000.0,623326000.0,21341000.0,,,,,8372000.0,48957000.0,1.0,104417403,104338000.0,104611000.0,5.974,6581990000,262879000,-40028000.0,1554000,63.083,2933064000
17,FSLR,ARQ,2017-03-31,2017-05-05,2017-03-31,2021-07-30,-12210000,6604503000,,3330238000,3274265000,,50.218,-112993000.0,2011482000,2011482000,807607000.0,9129000.0,6.319,0.263,277363000,11540000,265823000,277363000,24754000,32968000.0,0,0.0,0.0,23977000.0,56945000.0,0.064,56945000.0,23977000.0,14808000.0,0.09,0.09,0.09,5227806000,,5227806000,1868060778.0,-4.0,-7.222,380151000.0,3.652,1.0,84184000.0,0.094,100364000,9169000.0,4242969000,,532316000,1017911000,789442000,228469000,1376697000,527051000,849646000,3602179778.0,294811000.0,0.0,0.0,115647000.0,0.0,102164000.0,-293190000.0,-181605000.0,493144000.0,-7307000.0,9129000.0,9129000.0,9129000.0,0.0,0.0,0.01,92179000.0,-7995000.0,143455000,0.0,0.689,-6.935,-6.813,1143841000,0.0,34.54,1.203,1.201,291316000,2471971000,891791000.0,891791000.0,22799000.0,,,,,7051000.0,48199000.0,1.0,104290092,104103000.0,104410000.0,8.566,6504139000,251453000,5679000.0,5002000,62.478,2803187000
18,FSLR,ARQ,2016-12-31,2017-02-22,2016-12-31,2021-07-30,-9907000,6867213000,,3786620000,3080593000,,50.134,-53584000.0,1718462000,1718462000,416845000.0,-696083000.0,4.209,0.317,188388000,27966000,160422000,188388000,400063000,58719000.0,0,0.0,0.0,-626971000.0,-568252000.0,-1.183,-568252000.0,-626971000.0,-630153000.0,-6.78,-6.76,-6.78,5212687000,,5212687000,1962706277.0,-7.0,-40.664,253742000.0,2.44,1.0,63589000.0,0.132,102432000,3182000.0,4335000000,,463731000,850352000,607991000,242361000,1654526000,899707000,754819000,3492780277.0,-78819000.0,-8308000.0,0.0,-597662000.0,0.0,-637220000.0,264123000.0,368661000.0,307326000.0,-13048000.0,-696083000.0,-696083000.0,-696083000.0,0.0,0.0,-1.449,829001000.0,-765412000.0,148730000,0.0,0.67,-9.757,-9.647,1077743000,0.0,33.57,1.183,1.17,541954000,2463279000,480434000.0,480434000.0,29471000.0,,,,,22414000.0,70370000.0,1.0,104044691,103976000.0,102278000.0,4.621,6764781000,252655000,65930000.0,5288000,65.061,2886913000
19,FSLR,ARQ,2016-09-30,2016-11-03,2016-09-30,2021-07-30,49864000,8087660000,,3465418000,4622242000,,57.536,-45729000.0,1823859000,1823859000,501749000.0,154146000.0,2.462,0.36,787157000,626026000,161131000,787157000,184167000,57142000.0,0,0.0,0.0,109187000.0,166329000.0,0.242,166329000.0,109187000.0,103624000.0,1.49,1.49,1.49,5945759000,,5945759000,2549337908.0,5.0,3.459,-121521000.0,-1.176,1.0,186280000.0,0.271,151274000,5563000.0,5492360000,,471248000,1124948000,675985000,448963000,2141901000,1407324000,734577000,3586039908.0,497559000.0,877000.0,0.0,553112000.0,0.0,542333000.0,29545000.0,72046000.0,-75792000.0,1473000.0,154146000.0,154146000.0,154146000.0,0.0,0.0,0.224,97584000.0,88696000.0,201835000,0.0,0.603,7.14,7.029,1753583000,0.0,34.51,1.051,1.045,589144000,3128229000,688029000.0,688029000.0,32173000.0,,,,,15835000.0,60345000.0,1.0,103913066,103339000.0,103733000.0,6.658,7936386000,347081000,-50522000.0,10486000,76.8,2058094000
20,FSLR,ARQ,2016-06-30,2016-08-04,2016-06-30,2021-07-30,56639000,7544020000,,3076621000,4467399000,,56.749,-78385000.0,1330679000,1330679000,743216000.0,13408000.0,3.232,0.3,233430000,71591000,161839000,233430000,204830000,56704000.0,0,0.0,0.0,29606000.0,86310000.0,0.092,86310000.0,29606000.0,22455000.0,0.13,0.13,0.13,5804645000,,5804645000,3377910657.0,4.0,3.264,-153660000.0,-1.502,1.0,191165000.0,0.205,147106000,7151000.0,5347636000,,488389000,1178022000,750779000,427243000,1739375000,952029000,787346000,4475159657.0,-169620000.0,-4548000.0,0.0,-67196000.0,0.0,-54690000.0,-38501000.0,48773000.0,-75275000.0,-1154000.0,13408000.0,13408000.0,13408000.0,0.0,0.0,0.014,182294000.0,8871000.0,263062000,0.0,0.771,6.417,6.355,1679026000,0.0,43.72,1.12,1.119,564653000,2974083000,934381000.0,934381000.0,32931000.0,,,,,-7299000.0,63776000.0,1.0,102359553,102287000.0,103875000.0,9.135,7396914000,351714000,9047000.0,1518000,72.315,2124592000
21,FSLR,ARQ,2016-03-31,2016-04-28,2016-03-31,2021-07-30,27094000,7577789000,,3274157000,4303632000,,56.345,-51754000.0,1487983000,1487983000,585539000.0,170565000.0,3.077,0.32,299342000,94080000,205262000,299342000,252404000,58375000.0,0,0.0,0.0,208971000.0,267346000.0,0.315,267346000.0,208971000.0,204329000.0,1.67,1.66,1.67,5738945000,,5738945000,4641375001.0,6.0,4.312,-1260000.0,-0.012,1.0,262945000.0,0.31,192005000,4642000.0,5133014000,,549862000,1186389000,794220000,392169000,1838844000,1064129000,774715000,5830016001.0,-40546000.0,0.0,0.0,1195000.0,0.0,13184000.0,-110647000.0,-93570000.0,50494000.0,6423000.0,170565000.0,170565000.0,170565000.0,0.0,0.0,0.201,97690000.0,165255000.0,274991000,0.0,1.016,7.489,7.415,1380635000,0.0,57.02,1.473,1.467,454582000,2960675000,848484000.0,848484000.0,30187000.0,,,,,-2238000.0,67503000.0,1.0,102245107,101853000.0,102745000.0,8.33,7385784000,359959000,33764000.0,7414000,72.514,2210028000
22,FSLR,ARQ,2015-12-31,2016-02-24,2015-12-31,2021-07-30,15480000,7316331000,,3345586000,3970745000,,54.716,-27091000.0,1460704000,1460704000,710886000.0,164135000.0,3.482,0.319,289415000,38090000,251325000,289415000,116522000,63902000.0,0,0.0,0.0,153025000.0,216927000.0,0.23,216927000.0,153025000.0,148845000.0,1.62,1.62,1.62,5548487000,,5548487000,5896475682.0,11.0,7.324,26006000.0,0.256,1.0,231438000.0,0.246,194987000,4180000.0,4989255000,,488183000,1103259000,703454000,399805000,1767844000,960800000,807044000,7067764682.0,-62877000.0,-1964000.0,0.0,2642000.0,0.0,-5392000.0,-109735000.0,-102536000.0,53097000.0,-847000.0,164135000.0,164135000.0,164135000.0,0.0,0.0,0.174,99615000.0,131823000.0,337668000,0.0,1.274,12.935,12.814,1377877000,0.0,69.45,1.975,1.958,578963000,2790110000,942324000.0,942324000.0,36728000.0,,,,,17379000.0,62887000.0,1.0,101767670,101405000.0,101725000.0,9.293,7121344000,357693000,-15290000.0,1330000,70.227,2384786000
23,FSLR,ARQ,2015-09-30,2015-11-09,2015-09-30,2021-07-30,28491000,7060642000,,3251329000,3809313000,,53.403,-45159000.0,1592863000,1592863000,786880000.0,349318000.0,3.628,0.31,285477000,38663000,246814000,285477000,96801000,64766000.0,0,0.0,0.0,399547000.0,464313000.0,0.365,464313000.0,399547000.0,397772000.0,3.46,3.41,3.46,5388728000,,5388728000,4585339515.0,8.0,5.801,-24157000.0,-0.239,1.0,484365000.0,0.381,197455000,1775000.0,4659514000,,487741000,918917000,619814000,299103000,1671914000,896287000,775627000,5892725515.0,114559000.0,33678000.0,0.0,-1060000.0,0.0,-1078000.0,100373000.0,76995000.0,21002000.0,-5738000.0,349318000.0,349318000.0,349318000.0,0.0,0.0,0.275,86544000.0,397821000.0,303593000,0.0,1.094,10.275,10.244,1423474000,0.0,58.39,1.617,1.617,589079000,2625975000,1271245000.0,1271245000.0,29630000.0,,,,,5232000.0,53716000.0,1.0,100920115,100906000.0,102299000.0,12.598,6863187000,342292000,48454000.0,2028000,68.016,2355042000
24,FSLR,ARQ,2015-06-30,2015-08-05,2015-06-30,2021-07-30,12988000,6803805000,,3156206000,3647599000,,49.989,-38769000.0,1452545000,1452545000,731734000.0,94490000.0,3.453,0.35,299685000,41898000,257787000,299685000,168587000,65897000.0,0,0.0,0.0,61976000.0,127873000.0,0.143,127873000.0,61976000.0,61150000.0,0.94,0.93,0.94,5041470000,,5041470000,4086009845.0,15.0,10.027,-55872000.0,-0.554,1.0,164483000.0,0.184,200439000,826000.0,4536399000,,590533000,853525000,700017000,153508000,1762335000,914107000,848228000,5238869845.0,295236000.0,4606000.0,0.0,105118000.0,0.0,123019000.0,187855000.0,232803000.0,-17103000.0,1465000.0,94490000.0,94490000.0,94490000.0,0.0,0.0,0.105,107350000.0,57133000.0,273280000,0.0,1.039,16.76,16.641,1399464000,0.0,51.92,1.606,1.605,400383000,2311888000,896217000.0,896217000.0,29479000.0,,,,,249000.0,70901000.0,1.0,100902732,100852000.0,101607000.0,8.886,6603366000,340098000,-33340000.0,4771000,65.476,2242099000
25,FSLR,ARQ,2015-03-31,2015-05-01,2015-03-31,2021-07-30,71474000,6674674000,,3149703000,3524971000,,49.685,-55342000.0,1201783000,1201783000,430228000.0,-62292000.0,3.198,0.338,242509000,42123000,200386000,242509000,242970000,63260000.0,0,0.0,0.0,-68078000.0,-4818000.0,-0.01,-4818000.0,-68078000.0,-68272000.0,-0.62,-0.62,-0.62,4987106000,,4987106000,4821783849.0,22.0,17.042,-473257000.0,-4.715,1.0,38981000.0,0.083,203349000,194000.0,4527145000,,612177000,961995000,704674000,257321000,1687568000,984906000,702662000,5781057849.0,-702146000.0,-33617000.0,0.0,36967000.0,0.0,20554000.0,-290633000.0,-198877000.0,-417915000.0,-14152000.0,-62292000.0,-62292000.0,-62292000.0,0.0,0.0,-0.133,109094000.0,-70113000.0,202755000,0.0,1.159,25.968,25.713,1414166000,0.0,57.34,1.986,1.977,389141000,2217397000,469209000.0,469209000.0,34756000.0,,,,,4332000.0,67688000.0,1.0,100820681,100375000.0,100375000.0,4.675,6471325000,283955000,-5980000.0,2882000,64.471,2164797000
26,FSLR,ARQ,2014-12-31,2015-02-25,2014-12-31,2021-07-30,50140000,6724439000,,3190466000,3533973000,,50.15,-71768000.0,1889107000,1889107000,699611000.0,191959000.0,3.187,0.338,216921000,51918000,165003000,216921000,255937000,0.0,0,0.0,0.0,203057000.0,203057000.0,0.201,203057000.0,203057000.0,202504000.0,1.92,1.89,1.92,5027487000,,5027487000,4198898489.0,10.0,9.787,856228000.0,8.541,1.0,308382000.0,0.306,204221000,553000.0,3846936000,,620705000,764061000,509032000,255029000,1696952000,1001096000,695856000,5871084489.0,859531000.0,-15249000.0,0.0,7202000.0,0.0,3769000.0,-63081000.0,-41160000.0,927996000.0,-9153000.0,191959000.0,191959000.0,191959000.0,0.0,0.0,0.19,109161000.0,199221000.0,214656000,0.0,1.168,14.792,14.746,1448697000,0.0,58.54,1.731,1.727,234019000,2279689000,1007993000.0,1007993000.0,34944000.0,,,,,-3317000.0,70968000.0,1.0,100291843,100249000.0,101514000.0,10.055,6520218000,313891000,10545000.0,1727000,65.04,2189370000
27,FSLR,ARQ,2014-09-30,2014-11-07,2014-09-30,2021-07-30,23187000,6439954000,,3253026000,3186928000,,47.838,-71028000.0,1111911000,1111911000,700023000.0,88424000.0,3.541,0.344,218253000,54607000,163646000,218253000,234043000,0.0,0,0.0,0.0,81405000.0,81405000.0,0.092,81405000.0,81405000.0,81316000.0,0.88,0.87,0.88,4793217000,,4793217000,4145961940.0,14.0,14.384,-118239000.0,-1.18,1.0,189287000.0,0.213,204433000,89000.0,4423191000,,558312000,492875000,492875000,0,1646737000,918672000,728065000,5039619940.0,-228823000.0,-12232000.0,0.0,29059000.0,0.0,30244000.0,-198954000.0,1435000.0,-47211000.0,-12902000.0,88424000.0,88424000.0,88424000.0,0.0,0.0,0.099,105527000.0,83760000.0,219997000,0.0,1.051,18.65,18.765,1432330000,0.0,50.29,1.599,1.599,829525000,2087731000,889310000.0,889310000.0,37593000.0,,,,,-11684000.0,66528000.0,1.0,100211174,100197000.0,101415000.0,8.876,6235521000,291033000,-7108000.0,5346000,62.233,2334354000
28,FSLR,ARQ,2014-06-30,2014-08-06,2014-06-30,2021-07-30,7429000,6612015000,,3170269000,3441746000,,46.611,-62408000.0,1221940000,1221940000,451628000.0,4528000.0,2.617,0.416,194674000,60838000,133836000,194674000,425654000,0.0,0,0.0,0.0,3292000.0,3292000.0,0.006,3292000.0,3292000.0,2362000.0,0.05,0.04,0.05,4667955000,,4667955000,5545407658.0,13.0,13.337,55972000.0,0.559,1.0,92725000.0,0.17,201920000,930000.0,4171586000,,509767000,497521000,497521000,0,1944060000,1211243000,732817000,6572673658.0,-123848000.0,0.0,0.0,-5651000.0,0.0,-12776000.0,-229463000.0,-96148000.0,118380000.0,11000.0,4528000.0,4528000.0,4528000.0,0.0,0.0,0.008,90817000.0,1908000.0,187530000,0.0,1.408,17.442,17.354,1418206000,0.0,65.6,1.863,1.862,802811000,1999306000,544353000.0,544353000.0,32659000.0,,,,,-4485000.0,57667000.0,1.0,100193196,100148000.0,101814000.0,5.435,6410095000,352345000,-2166000.0,40708000,64.006,1959026000
29,FSLR,ARQ,2014-03-31,2014-05-07,2014-03-31,2021-07-30,-7885000,6376353000,,3036037000,3340316000,,46.524,-50813000.0,1279951000,1279951000,713447000.0,112007000.0,3.042,0.376,198885000,60656000,138229000,198885000,229530000,0.0,0,0.0,0.0,141270000.0,141270000.0,0.149,141270000.0,141270000.0,140860000.0,1.12,1.1,1.12,4633389000,,4633389000,5283861243.0,12.0,11.627,-368989000.0,-3.705,1.0,236711000.0,0.249,202102000,410000.0,4095251000,,515179000,404033000,404033000,0,1742964000,997934000,745030000,6364927243.0,-349878000.0,0.0,0.0,-25110000.0,0.0,-13878000.0,-20381000.0,33410000.0,-318176000.0,2557000.0,112007000.0,112007000.0,112007000.0,0.0,0.0,0.118,97437000.0,139274000.0,186278000,0.0,1.374,15.681,15.467,1370537000,0.0,63.57,1.817,1.807,765912000,1994779000,950158000.0,950158000.0,38773000.0,,,,,-11680000.0,58664000.0,1.0,100124701,99591000.0,101822000.0,9.541,6174251000,297794000,28853000.0,6638000,61.996,2038103000
30,FSLR,ARQ,2013-12-31,2014-02-26,2013-12-31,2021-07-30,-25776000,6883502000,,3792764000,3090738000,,45.242,60187000.0,1604513000,1604513000,579141000.0,65260000.0,2.388,0.529,223323000,60543000,162780000,223323000,642214000,0.0,0,0.0,0.0,62262000.0,62262000.0,0.081,62262000.0,62262000.0,62278000.0,0.63,0.62,0.63,4503117000,,4503117000,3867114756.0,10.0,10.174,252393000.0,2.536,1.0,189296000.0,0.246,84985000,-16000.0,3829266000,,518615000,439102000,439102000,0,2380385000,1588061000,792324000,5248304756.0,132424000.0,0.0,1054000.0,-3523000.0,0.0,-17717000.0,-43362000.0,-101663000.0,192206000.0,1297000.0,65260000.0,65260000.0,65260000.0,0.0,0.0,0.085,128974000.0,60322000.0,261333000,0.0,1.165,14.866,13.989,1385084000,0.0,52.74,1.586,1.493,658698000,1882771000,768437000.0,768437000.0,38421000.0,,,,,-1118000.0,65661000.0,1.0,99512794,99535000.0,101321000.0,7.72,6798517000,360502000,-2982000.0,6707000,68.303,2204703000
31,FSLR,ARQ,2013-09-30,2013-11-01,2013-09-30,2021-07-30,-27372000,6862710000,,3596566000,3266144000,,44.767,-69504000.0,1471401000,1471401000,901553000.0,195038000.0,2.198,0.553,229214000,60329000,168885000,229214000,898626000,0.0,0,0.0,0.0,208963000.0,208963000.0,0.165,208963000.0,208963000.0,208688000.0,1.98,1.94,1.98,4419375000,,4419375000,4638700514.0,9.0,9.445,305588000.0,3.096,1.0,364034000.0,0.288,84985000,275000.0,3899352000,,442511000,339236000,339236000,0,2443335000,1636186000,807149000,5880887514.0,263991000.0,0.0,-2178000.0,-30555000.0,0.0,-58340000.0,-56124000.0,13140000.0,375092000.0,3363000.0,195038000.0,195038000.0,195038000.0,0.0,0.0,0.154,156130000.0,207904000.0,184837000,0.0,1.331,13.306,12.27,1397784000,0.0,59.14,1.627,1.615,862474000,1817511000,1265587000.0,1265587000.0,34984000.0,,,,,21737000.0,63870000.0,1.0,99440100,98720000.0,100378000.0,12.82,6777725000,348924000,13650000.0,6337000,68.656,1960380000
32,FSLR,ARQ,2013-06-30,2013-08-07,2013-06-30,2021-07-30,-21705000,6868126000,,3601279000,3266847000,,46.6,-85189000.0,1203840000,1203840000,379662000.0,33598000.0,1.942,0.652,255764000,61194000,194570000,255764000,1157326000,0.0,0,0.0,0.0,41937000.0,41937000.0,0.081,41937000.0,41937000.0,41062000.0,0.38,0.37,0.38,4156738000,,4156738000,3003713185.0,8.0,7.589,137184000.0,1.538,1.0,140098000.0,0.27,74930000,875000.0,3990325000,,466929000,356615000,356615000,0,2711388000,1854795000,856593000,3951789185.0,85904000.0,-22778000.0,430368000.0,-305700000.0,0.0,155866000.0,-296020000.0,-188703000.0,222373000.0,3685000.0,33598000.0,33598000.0,33598000.0,0.0,0.0,0.065,101002000.0,39096000.0,217587000,0.0,0.951,11.802,10.512,1560908000,0.0,40.47,1.239,1.132,890612000,1622473000,519760000.0,519760000.0,30964000.0,,,,,-30762000.0,66265000.0,1.0,97647373,89201000.0,91142000.0,5.827,6793196000,361566000,7464000.0,4749000,76.156,1746484000
33,FSLR,ARQ,2013-03-31,2013-05-07,2013-03-31,2021-07-30,-9085000,6294425000,,3109926000,3184499000,,42.13,-71667000.0,1129078000,1129078000,585879000.0,59142000.0,2.028,0.713,562217000,61106000,501111000,562217000,807011000,0.0,0,0.0,0.0,66939000.0,66939000.0,0.089,66939000.0,66939000.0,66189000.0,0.68,0.66,0.68,3673982000,,3673982000,3245954203.0,7.0,6.537,-5212000.0,-0.06,1.0,169326000.0,0.224,68833000,750000.0,4125290000,,521773000,168993000,168993000,0,2620443000,1533441000,1087002000,3812815203.0,-58541000.0,9141000.0,0.0,4824000.0,0.0,21355000.0,-141600000.0,-81710000.0,66455000.0,-4751000.0,59142000.0,59142000.0,59142000.0,0.0,0.0,0.078,108119000.0,61207000.0,209019000,0.0,1.038,9.249,9.143,1553205000,0.0,43.43,1.051,1.044,947943000,1588875000,755205000.0,755205000.0,29931000.0,,,,,-24933000.0,74465000.0,1.0,87792199,87206000.0,89377000.0,8.66,6225592000,362876000,7047000.0,2068000,71.389,1576485000
34,FSLR,ARQ,2012-12-31,2013-02-27,2012-12-31,2021-07-30,10179000,6348692000,,2832324000,3516368000,,41.402,-40015000.0,1202694000,1202694000,781464000.0,154178000.0,2.572,0.761,562572000,62349000,500223000,562572000,638574000,0.0,0,0.0,0.0,173268000.0,173268000.0,0.161,173268000.0,173268000.0,170574000.0,1.78,1.78,1.78,3605526000,,3605526000,1716590220.0,-66.0,-66.237,287544000.0,3.302,1.0,293547000.0,0.273,65444000,2694000.0,4541752000,,569296000,102578000,102578000,0,2743166000,1101374000,1641792000,2356712220.0,286595000.0,129000.0,105000.0,29370000.0,0.0,-4882000.0,-39404000.0,-552000.0,327559000.0,3322000.0,154178000.0,154178000.0,154178000.0,0.0,0.0,0.143,121532000.0,172015000.0,350230000,0.0,0.654,-24.463,-24.36,1525382000,0.0,27.04,0.7,0.697,972279000,1529733000,1075011000.0,1075011000.0,31639000.0,,,,,34198000.0,63417000.0,1.0,87156517,87085000.0,87085000.0,12.344,6283248000,361543000,16396000.0,5474000,72.151,1730950000
35,FSLR,ARQ,2012-09-30,2012-11-02,2012-09-30,2021-07-30,-1745000,5981729000,,2710036000,3271693000,,39.753,-57241000.0,900272000,900272000,600431000.0,87917000.0,2.378,0.73,529692000,61398000,468294000,529692000,534000,0.0,0,0.0,0.0,113663000.0,113663000.0,0.135,113663000.0,113663000.0,110761000.0,1.01,1.0,1.01,3458154000,,3458154000,1591026815.0,-2.0,-2.338,-34926000.0,-0.401,1.0,238716000.0,0.284,65444000,2902000.0,4405878000,,674463000,102295000,102295000,0,2523575000,1139827000,1383748000,1961606815.0,-15541000.0,4593000.0,1000.0,7084000.0,0.0,1679000.0,-43025000.0,11094000.0,22315000.0,3490000.0,87917000.0,87917000.0,87917000.0,0.0,0.0,0.105,131671000.0,107045000.0,235744000,0.0,0.567,-2.956,-2.92,1549689000,0.0,22.54,0.664,0.664,883993000,1375555000,839147000.0,839147000.0,32372000.0,,,,,5282000.0,73507000.0,1.0,87027809,86992000.0,87765000.0,9.646,5916285000,365624000,22844000.0,6982000,68.01,1570209000
36,FSLR,ARQ,2012-06-30,2012-08-03,2012-06-30,2021-07-30,-5477000,5487334000,,2464424000,3022910000,,38.702,-157482000.0,897651000,897651000,713591000.0,110983000.0,2.561,0.632,518851000,47768000,471083000,518851000,195418000,0.0,0,0.0,0.0,142719000.0,142719000.0,0.149,142719000.0,142719000.0,135347000.0,1.28,1.27,1.28,3361439000,,3361439000,1104901615.0,-2.0,-1.934,270989000.0,3.12,1.0,243741000.0,0.255,65444000,7372000.0,4080825000,,718676000,113453000,113453000,0,2125895000,962265000,1163630000,1483701615.0,19760000.0,-1605000.0,0.0,-332148000.0,0.0,-281684000.0,-118983000.0,25501000.0,428471000.0,-8044000.0,110983000.0,110983000.0,110983000.0,0.0,0.0,0.116,104082000.0,139659000.0,194554000,0.0,0.441,-2.673,-2.645,1567367000,0.0,17.06,0.475,0.475,601213000,1287638000,957332000.0,957332000.0,32365000.0,,,,,-57364000.0,52184000.0,1.0,86969614,86855000.0,87653000.0,11.022,5421890000,372398000,24364000.0,9175000,62.425,1502159000
37,FSLR,ARQ,2012-03-31,2012-05-04,2012-03-31,2021-07-30,-10892000,5773512000,,2900403000,2873109000,,37.095,-124490000.0,893006000,893006000,420310000.0,-449416000.0,2.477,0.799,864308000,58238000,806070000,864308000,177583000,0.0,0,0.0,0.0,-455566000.0,-455566000.0,-0.917,-455566000.0,-455566000.0,-456486000.0,-5.2,-5.2,-5.2,3208996000,,3208996000,1441191458.0,-2.0,-2.244,-140626000.0,-1.626,1.0,76745000.0,0.154,65444000,920000.0,4508337000,,721988000,139238000,53107000,86131000,2564516000,1171033000,1393483000,1469889458.0,4861000.0,-22715000.0,70000.0,186852000.0,0.0,195778000.0,-182320000.0,-37247000.0,-16136000.0,7539000.0,-449416000.0,-449416000.0,-449416000.0,0.0,0.0,-0.904,533027000.0,-456282000.0,218216000,0.0,0.458,-2.43,-2.413,1540953000,0.0,16.94,0.545,0.544,888875000,1176655000,497055000.0,497055000.0,36084000.0,,,,,-9489000.0,91820000.0,1.0,86770334,86507000.0,86507000.0,5.746,5708068000,375998000,-7070000.0,15979000,65.984,1729370000
38,FSLR,ARQ,2011-12-31,2012-02-29,2011-12-31,2021-07-30,-5037000,5777614000,,2613261000,3164353000,,42.16,-117953000.0,806169000,806169000,522228000.0,-413113000.0,2.684,0.586,663648000,44505000,619143000,663648000,0,0.0,0,0.0,0.0,-481342000.0,-481342000.0,-0.729,-481342000.0,-481342000.0,-481442000.0,-4.81,-4.75,-4.81,3643863000,,3643863000,2650976768.0,-49.0,-49.447,-107219000.0,-1.241,1.0,138124000.0,0.209,65444000,100000.0,4595925000,,536618000,182338000,66146000,116192000,2133751000,973724000,1160027000,2793497768.0,-72941000.0,0.0,333000.0,69734000.0,0.0,112916000.0,-174294000.0,-67776000.0,10734000.0,-22297000.0,-413113000.0,-413113000.0,-413113000.0,0.0,0.0,-0.626,623444000.0,-485320000.0,176448000,0.0,0.767,-70.734,-70.217,1815958000,0.0,32.3,1.01,1.005,843967000,1626071000,660352000.0,660352000.0,37906000.0,,,,,-31095000.0,125926000.0,1.0,86485999,86430000.0,82926000.0,7.64,5712170000,381418000,-68329000.0,9541000,66.09,1639537000
39,FSLR,ARQ,2011-09-30,2011-11-04,2011-09-30,2021-07-30,20675000,5723312000,,2430468000,3292844000,,46.628,-223895000.0,882323000,882323000,626624000.0,196514000.0,3.254,0.422,608341000,25597000,582744000,608341000,0,0.0,0,0.0,0.0,222765000.0,222765000.0,0.221,222765000.0,222765000.0,222765000.0,2.28,2.25,2.28,4025784000,,4025784000,4011827849.0,7.0,6.674,-21257000.0,-0.246,1.0,379164000.0,0.377,458808000,0.0,4243521000,,481038000,116209000,84350000,31859000,1697528000,747001000,950527000,4285809849.0,321083000.0,0.0,342000.0,256478000.0,0.0,321178000.0,-193186000.0,41192000.0,202638000.0,-9547000.0,196514000.0,196514000.0,196514000.0,0.0,0.0,0.195,156421000.0,222743000.0,170904000,0.0,1.065,8.093,8.024,1840295000,0.0,49.59,1.578,1.577,807619000,2039183000,1005788000.0,1005788000.0,38164000.0,,,,,-63244000.0,112743000.0,1.0,86424881,86338000.0,87151000.0,11.649,5264504000,310488000,26251000.0,33411000,60.976,1683467000
40,FSLR,ARQ,2011-06-30,2011-08-05,2011-06-30,2021-07-30,-39647000,4939232000,,1836231000,3103001000,,42.727,-220976000.0,532175000,532175000,337976000.0,61138000.0,3.102,0.342,360826000,28334000,332492000,360826000,0,0.0,0,0.0,0.0,71957000.0,71957000.0,0.135,71957000.0,71957000.0,71957000.0,0.71,0.7,0.71,3681538000,,3681538000,8927760582.0,15.0,15.1,-423998000.0,-4.921,1.0,194798000.0,0.366,458808000,0.0,3717206000,,365708000,157962000,106966000,50996000,1257694000,591869000,665825000,9099109582.0,1752000.0,0.0,4910000.0,224000000.0,0.0,248397000.0,-45561000.0,198545000.0,-203022000.0,1938000.0,61138000.0,61138000.0,61138000.0,0.0,0.0,0.115,130268000.0,64530000.0,189875000,0.0,2.472,17.844,17.63,1727993000,0.0,105.43,3.628,3.622,605654000,1842670000,532774000.0,532774000.0,33102000.0,,,,,-16497000.0,86872000.0,1.0,86304748,86164000.0,87126000.0,6.183,4480424000,271833000,10819000.0,36493000,51.999,1244362000
41,FSLR,ARQ,2011-03-31,2011-05-05,2011-03-31,2021-07-30,-51401000,4433981000,,1394255000,3039726000,,41.792,-168990000.0,503432000,503432000,307628000.0,115968000.0,2.967,0.243,131700000,28169000,103531000,131700000,0,0.0,0,0.0,0.0,133007000.0,133007000.0,0.234,133007000.0,133007000.0,133007000.0,1.36,1.33,1.36,3565849000,,3565849000,10649083137.0,15.0,15.219,-212803000.0,-2.494,1.0,259665000.0,0.458,458808000,0.0,3133552000,,301822000,357227000,199785000,157442000,868132000,469889000,398243000,11020815137.0,-409964000.0,-21105000.0,2741000.0,-113900000.0,0.0,-111273000.0,-263416000.0,-73337000.0,-43813000.0,8538000.0,115968000.0,115968000.0,115968000.0,0.0,0.0,0.204,130282000.0,129383000.0,99398000,0.0,3.091,18.132,17.915,1549529000,0.0,127.91,4.3,4.258,373277000,1781532000,567293000.0,567293000.0,31351000.0,,,,,0.0,87000000.0,1.0,86160700,85324000.0,87053000.0,6.649,3975173000,265992000,17039000.0,28148000,46.589,924366000
42,FSLR,ARQ,2010-12-31,2011-02-28,2010-12-31,2021-07-30,-27243000,4380403000,,1584460000,2795943000,,40.582,-211767000.0,851692000,851692000,313077000.0,155944000.0,3.374,0.268,237391000,26587000,210804000,237391000,0,0.0,0,0.0,0.0,173365000.0,173365000.0,0.284,173365000.0,173365000.0,173365000.0,1.83,1.8,1.83,3454945000,,3454945000,12045774989.0,16.0,15.806,138048000.0,1.622,1.0,296724000.0,0.487,433288000,0.0,2863137000,,243170000,348160000,167889000,180271000,925458000,469677000,455781000,12660075989.0,144473000.0,28596000.0,2623000.0,-13439000.0,0.0,-44218000.0,-157821000.0,25337000.0,349815000.0,-3303000.0,155944000.0,155944000.0,155944000.0,0.0,0.0,0.256,131073000.0,165651000.0,82312000,0.0,3.664,19.061,18.848,1430789000,0.0,147.39,4.939,4.881,307019000,1665564000,609801000.0,609801000.0,27601000.0,,,,,33014000.0,91282000.0,1.0,85895081,85134000.0,86860000.0,7.163,3947115000,259624000,17421000.0,16831000,46.364,1114783000
43,FSLR,ARQ,2010-09-30,2010-11-01,2010-09-25,2021-07-30,-30234000,4201771000,,1614841000,2586930000,,38.806,-137641000.0,716240000,716240000,476007000.0,176869000.0,3.528,0.273,250395000,26639000,223756000,250395000,0,0.0,0,0.0,0.0,212915000.0,212915000.0,0.267,212915000.0,212915000.0,212915000.0,2.08,2.04,2.08,3301346000,,3301346000,11058358388.0,15.0,14.955,110436000.0,1.298,1.0,321892000.0,0.403,433288000,0.0,2844860000,,220386000,400746000,212200000,188546000,900425000,457778000,442647000,11524203388.0,110734000.0,-296496000.0,3047000.0,99564000.0,0.0,204966000.0,-360515000.0,73642000.0,248077000.0,18206000.0,176869000.0,176869000.0,176869000.0,0.0,0.0,0.222,110254000.0,211638000.0,71135000,0.0,3.491,17.733,17.528,1244598000,0.0,134.44,4.441,4.407,464624000,1509619000,797899000.0,797899000.0,21472000.0,,,,,-102381000.0,84961000.0,1.0,85720049,85072000.0,86610000.0,9.379,3768483000,257939000,36046000.0,17612000,44.298,1157063000
44,FSLR,ARQ,2010-06-30,2010-08-02,2010-06-26,2021-07-30,-16804000,3631315000,,1615870000,2015445000,,35.5,-133530000.0,591585000,591585000,303660000.0,159043000.0,4.969,0.206,138633000,24465000,114168000,138633000,0,0.0,0,0.0,0.0,180444000.0,180444000.0,0.307,180444000.0,180444000.0,180438000.0,1.87,1.84,1.87,3012246000,,3012246000,10338953682.0,15.0,14.95,-57203000.0,-0.674,1.0,284194000.0,0.483,286515000,6000.0,2566629000,,224963000,475010000,285993000,189017000,619069000,325219000,293850000,10791905682.0,89596000.0,0.0,2602000.0,-13290000.0,0.0,-12258000.0,38615000.0,171856000.0,76327000.0,-13088000.0,159043000.0,159043000.0,159043000.0,0.0,0.0,0.271,103721000.0,180473000.0,68268000,0.0,3.583,17.23,17.023,1094877000,0.0,126.14,4.738,4.699,361677000,1332750000,587854000.0,587854000.0,22836000.0,,,,,1568000.0,78597000.0,1.0,85554984,84852000.0,86401000.0,6.928,3344800000,177026000,21395000.0,28552000,39.419,1290651000
45,FSLR,ARQ,2010-03-31,2010-04-29,2010-03-27,2021-07-30,-4289000,3473514000,,1404533000,2068981000,,33.689,-105976000.0,498229000,498229000,285925000.0,172345000.0,4.355,0.22,162484000,26355000,136129000,162484000,0,0.0,0,0.0,0.0,195359000.0,195359000.0,0.344,195359000.0,195359000.0,195359000.0,2.04,2.0,2.04,2846855000,,2846855000,12532137590.0,17.0,17.497,-74703000.0,-0.884,1.0,282036000.0,0.497,286515000,0.0,2528780000,,199064000,624090000,293288000,330802000,626659000,322474000,304185000,12867882590.0,-243613000.0,0.0,1107000.0,-714000.0,0.0,1961000.0,-262364000.0,-157407000.0,31273000.0,-14483000.0,172345000.0,172345000.0,172345000.0,0.0,0.0,0.303,90895000.0,191141000.0,76029000,0.0,4.52,19.861,19.594,1030219000,0.0,150.87,5.807,5.753,295120000,1173708000,567961000.0,567961000.0,22888000.0,,,,,-1568000.0,66864000.0,1.0,85291195,84505000.0,86092000.0,6.721,3186999000,172518000,23014000.0,15729000,37.714,1082059000
46,FSLR,ARQ,2009-12-31,2010-02-22,2009-12-26,2021-07-30,-9596000,3349512000,,1351271000,1998241000,,31.427,-69184000.0,700993000,700993000,375056000.0,141620000.0,3.422,0.263,174958000,28559000,146399000,174958000,0,0.0,0,0.0,0.0,150724000.0,150724000.0,0.235,150724000.0,150724000.0,150317000.0,1.68,1.65,1.68,2652787000,,2652787000,9112538395.0,13.0,13.177,344614000.0,4.083,1.0,266209000.0,0.415,286515000,407000.0,2142035000,,174516000,474844000,120236000,354608000,696725000,394927000,301798000,9638573395.0,299685000.0,0.0,1276000.0,-14606000.0,0.0,-17916000.0,-96704000.0,-28024000.0,413798000.0,507000.0,141620000.0,141620000.0,141620000.0,0.0,0.0,0.221,121482000.0,144727000.0,75744000,0.0,3.633,15.057,14.744,988782000,0.0,113.09,4.665,4.57,226826000,1001363000,641265000.0,641265000.0,23716000.0,,,,,4584000.0,96667000.0,1.0,85229228,84412000.0,86004000.0,7.597,3062997000,152194000,8697000.0,8740000,36.286,956344000
47,FSLR,ARQ,2009-09-30,2009-10-30,2009-09-26,2021-07-30,-36409000,3095072000,,1203392000,1891680000,,29.214,-64791000.0,364814000,364814000,235858000.0,153344000.0,3.471,0.259,192489000,29169000,163320000,192489000,0,0.0,0,0.0,0.0,165056000.0,165056000.0,0.343,165056000.0,165056000.0,164967000.0,1.82,1.79,1.82,2459174000,,2459174000,10204862226.0,14.0,14.316,110324000.0,1.311,1.0,244993000.0,0.509,284005000,89000.0,2292083000,,189466000,527435000,158847000,368588000,635898000,346659000,289239000,10377187226.0,-64346000.0,0.0,865000.0,-53245000.0,0.0,-58255000.0,-183781000.0,-121871000.0,175115000.0,2575000.0,153344000.0,153344000.0,153344000.0,0.0,0.0,0.319,82202000.0,162791000.0,72338000,0.0,4.22,16.438,15.98,962732000,0.0,121.93,5.583,5.522,348965000,859743000,480851000.0,480851000.0,24136000.0,,,,,5875000.0,53990000.0,1.0,85107744,84179000.0,85892000.0,5.712,2811067000,132811000,11623000.0,17555000,33.394,856733000
48,FSLR,ARQ,2009-06-30,2009-08-03,2009-06-27,2021-07-30,-45119000,2910179000,,1244487000,1665692000,,27.291,-59562000.0,429160000,429160000,227780000.0,180579000.0,3.399,0.274,233574000,76639000,156935000,233574000,0,0.0,0,0.0,0.0,205125000.0,205125000.0,0.39,205125000.0,205125000.0,201298000.0,2.16,2.11,2.16,2284891000,,2284891000,12973840778.0,19.0,19.051,-37023000.0,-0.442,1.0,298096000.0,0.567,294962000,3827000.0,2053503000,,168774000,406618000,209684000,196934000,625288000,366128000,259160000,13169426778.0,-195772000.0,318000.0,2380000.0,-7043000.0,0.0,7433000.0,-239971000.0,-176090000.0,22539000.0,14227000.0,180579000.0,180579000.0,180579000.0,0.0,0.0,0.343,94055000.0,204041000.0,55631000,0.0,5.764,22.816,22.099,911869000,0.0,155.58,7.628,7.545,351266000,706399000,525876000.0,525876000.0,18605000.0,,,,,-12097000.0,72926000.0,1.0,84647299,83723000.0,85668000.0,6.281,2615217000,117553000,20719000.0,57336000,31.237,878359000
49,FSLR,ARQ,2009-03-31,2009-05-01,2009-03-28,2021-07-30,-14554000,2288432000,,1239704000,1048728000,,20.881,-86404000.0,655080000,655080000,182924000.0,164595000.0,3.925,0.342,228168000,32952000,195216000,228168000,0,0.0,0,0.0,0.0,170667000.0,170667000.0,0.408,170667000.0,170667000.0,169732000.0,2.01,1.99,2.01,1705672000,,1705672000,14852194475.0,26.0,26.068,-22663000.0,-0.277,1.0,235284000.0,0.563,33829000,935000.0,1511852000,,131468000,211636000,172176000,39460000,582760000,315839000,266921000,15279106475.0,-91286000.0,0.0,1440000.0,41409000.0,0.0,46717000.0,-181234000.0,-94830000.0,63741000.0,-20510000.0,164595000.0,164595000.0,164595000.0,0.0,0.0,0.394,67228000.0,168056000.0,41853000,0.0,8.958,32.766,31.459,867660000,0.0,180.89,10.411,10.068,184790000,525820000,418208000.0,418208000.0,11704000.0,,,,,-3254000.0,49315000.0,1.0,84466286,81685000.0,82612000.0,5.12,2254603000,73645000,5137000.0,102242000,27.601,923865000
50,FSLR,ARQ,2008-12-31,2009-02-25,2008-12-27,2021-07-30,-24421000,2114502000,,1077401000,1037101000,,18.6,-128661000.0,746277000,746277000,199725000.0,132771000.0,2.822,0.398,198470000,34951000,163519000,198470000,0,0.0,0,0.0,0.0,171990000.0,171990000.0,0.397,171990000.0,171990000.0,171612000.0,1.64,1.61,1.64,1513042000,,1513042000,8241159373.0,18.0,17.75,74594000.0,0.917,1.0,233926000.0,0.539,33829000,378000.0,1151089000,,121554000,130601000,76042000,54559000,601460000,381777000,219683000,8788966373.0,134439000.0,-25000000.0,1929000.0,37939000.0,0.0,54793000.0,-111132000.0,42529000.0,203255000.0,-12477000.0,132771000.0,132771000.0,132771000.0,0.0,0.0,0.306,72598000.0,161328000.0,46251000,0.0,5.809,25.232,24.804,842622000,0.0,107.65,7.052,6.925,61703000,361225000,433651000.0,433651000.0,11080000.0,,,,,-14925000.0,52747000.0,1.0,81643905,81345000.0,82448000.0,5.331,2080673000,71247000,38841000.0,99938000,25.578,695624000
51,FSLR,ARQ,2008-09-30,2008-10-31,2008-09-27,2021-07-30,11957000,1859850000,,962376000,897474000,,17.222,-95704000.0,581779000,581779000,153251000.0,99269000.0,3.233,0.343,167499000,26691000,140808000,167499000,0,0.0,0,0.0,0.0,133226000.0,133226000.0,0.382,133226000.0,133226000.0,133099000.0,1.23,1.2,1.23,1385170000,,1385170000,11238331445.0,30.0,29.684,41618000.0,0.517,1.0,195443000.0,0.561,33829000,127000.0,1114110000,,126469000,177567000,133371000,44196000,474680000,297631000,177049000,11652611445.0,70535000.0,0.0,6929000.0,40447000.0,0.0,47158000.0,-93326000.0,2378000.0,137322000.0,-20619000.0,99269000.0,99269000.0,99269000.0,0.0,0.0,0.285,65291000.0,130152000.0,36691000,0.0,8.412,41.851,40.94,750477000,0.0,143.7,11.498,11.404,41474000,228454000,348694000.0,348694000.0,9952000.0,,,,,217000.0,48995000.0,1.0,81089850,80430000.0,82436000.0,4.335,1826021000,58568000,33830000.0,70726000,22.703,664745000
52,FSLR,ARQ,2008-06-30,2008-07-31,2008-06-28,2021-07-30,-5911000,1675130000,,838573000,836557000,,15.657,-160300000.0,511244000,511244000,122341000.0,69671000.0,3.003,0.339,133176000,24629000,108547000,133176000,0,0.0,0,0.0,0.0,93856000.0,93856000.0,0.351,93856000.0,93856000.0,93856000.0,0.87,0.85,0.87,1250601000,,1250601000,22437037497.0,75.0,74.873,-101080000.0,-1.265,1.0,144700000.0,0.542,33829000,0.0,983984000,,106902000,179918000,121760000,58158000,424529000,279249000,145280000,22815105497.0,-79290000.0,0.0,1243000.0,44493000.0,0.0,55432000.0,-194642000.0,-34342000.0,59220000.0,700000.0,69671000.0,69671000.0,69671000.0,0.0,0.0,0.261,55973000.0,88727000.0,42483000,0.0,18.243,101.311,98.626,674268000,0.0,285.03,27.696,27.638,49994000,129185000,267041000.0,267041000.0,7725000.0,,,,,-9698000.0,43626000.0,1.0,80044576,79877000.0,82004000.0,3.343,1641301000,69463000,24185000.0,51197000,20.548,559324000
53,FSLR,ARQ,2008-03-31,2008-05-02,2008-03-29,2021-07-30,-9050000,1477159000,,798251000,678908000,,14.561,-74606000.0,590534000,590534000,92591000.0,46619000.0,3.505,0.283,87883000,17673000,70210000,87883000,0,0.0,0,0.0,0.0,65213000.0,65213000.0,0.331,65213000.0,65213000.0,65209000.0,0.59,0.57,0.59,1151177000,,1151177000,21527938166.0,100.0,100.149,-11336000.0,-0.143,1.0,104324000.0,0.53,33829000,4000.0,712935000,,58559000,145583000,90130000,55453000,325982000,227744000,98238000,22030589166.0,186270000.0,0.0,5935000.0,-25683000.0,0.0,20166000.0,90659000.0,165265000.0,63270000.0,12175000.0,46619000.0,46619000.0,46619000.0,0.0,0.0,0.237,46570000.0,57754000.0,167063000,0.0,19.137,110.183,105.034,529390000,0.0,276.24,34.752,34.45,18027000,59514000,196915000.0,196915000.0,4760000.0,,,,,-4255000.0,28671000.0,1.0,79751626,79059000.0,81607000.0,2.491,1443330000,55492000,18590000.0,0,18.256,570507000
54,FSLR,ARQ,2007-12-31,2008-02-21,2007-12-29,2021-07-30,4518000,1371312000,,802509000,568803000,,14.033,-96736000.0,404264000,404264000,89847000.0,62874000.0,4.304,0.25,108165000,39309000,68856000,108165000,0,0.0,0,0.0,0.0,86303000.0,86303000.0,0.43,86303000.0,86303000.0,86140000.0,0.82,0.79,0.82,1097267000,,1097267000,16345419376.0,103.0,103.285,2970000.0,0.038,1.0,110950000.0,0.553,33449000,163000.0,855286000,,40204000,280094000,232686000,47408000,274045000,186478000,87567000,16641518376.0,287111000.0,-5500000.0,3428000.0,-3583000.0,0.0,14315000.0,168479000.0,270715000.0,99706000.0,4611000.0,62874000.0,62874000.0,62874000.0,0.0,0.0,0.313,32688000.0,78262000.0,132366000,0.0,15.166,105.091,99.807,430104000,0.0,211.59,33.02,31.363,18165000,12895000,200797000.0,200797000.0,4432000.0,,,,,-11596000.0,24191000.0,1.0,78649834,78193000.0,81316000.0,2.568,1337863000,55701000,23266000.0,0,17.11,616031000
55,FSLR,ARQ,2007-09-30,2007-11-07,2007-09-29,2021-07-30,3864000,1177156000,,795785000,381371000,,12.962,-65247000.0,117153000,117153000,76967000.0,46034000.0,7.093,0.2,106097000,33613000,72484000,106097000,0,0.0,0,0.0,0.0,54296000.0,54296000.0,0.341,54296000.0,54296000.0,53649000.0,0.61,0.58,0.61,980819000,,980819000,13016830059.0,153.0,152.828,15663000.0,0.207,1.0,82040000.0,0.516,0,647000.0,1053911000,,31887000,579099000,564641000,14458000,196337000,112189000,84148000,13027886059.0,9354000.0,0.0,369878000.0,-21414000.0,0.0,354821000.0,-427803000.0,-362556000.0,80910000.0,1426000.0,46034000.0,46034000.0,46034000.0,0.0,0.0,0.29,33741000.0,48299000.0,69465000,0.0,13.283,125.851,116.056,317552000,0.0,167.12,36.608,35.533,19660000,-49979000,159007000.0,159007000.0,3854000.0,,,,,-18600000.0,27082000.0,1.0,77955278,75666000.0,79088000.0,2.101,1177156000,48823000,7615000.0,0,15.557,683596000
56,FSLR,ARQ,2007-06-30,2007-08-03,2007-06-30,2021-07-30,2197000,723212000,,424087000,299125000,,6.63,-39633000.0,107799000,107799000,48852000.0,44418000.0,5.497,0.376,122211000,25734000,96477000,122211000,0,0.0,0,0.0,0.0,9147000.0,9147000.0,0.118,9147000.0,9147000.0,7864000.0,0.61,0.58,0.61,481304000,,481304000,7317854796.0,,,-53227000.0,-0.733,1.0,28371000.0,0.367,0,1283000.0,660481000,,26848000,221231000,207208000,14023000,181202000,77143000,104059000,7303442796.0,-217213000.0,0.0,2248000.0,25616000.0,0.0,42616000.0,-247133000.0,-207500000.0,-13594000.0,898000.0,44418000.0,44418000.0,44418000.0,0.0,0.0,0.575,22571000.0,5800000.0,51394000,0.0,15.174,,,245559000,0.0,100.05,,,13736000,-96013000,77223000.0,77223000.0,3763000.0,,,,,0.0,17285000.0,1.0,72997929,72596000.0,76089000.0,1.064,723212000,39219000,-36554000.0,0,9.962,346944000
57,FSLR,ARQ,2007-06-30,2007-08-02,2007-06-30,2021-07-30,2197000,723212000,,424087000,299125000,,6.63,-39633000.0,107799000,107799000,48852000.0,44418000.0,5.497,0.376,122211000,25734000,96477000,122211000,0,0.0,0,0.0,0.0,9147000.0,9147000.0,0.118,9147000.0,9147000.0,7864000.0,0.61,0.58,0.61,481304000,,481304000,7645615498.0,,,-53227000.0,-0.733,1.0,28371000.0,0.367,0,1283000.0,660481000,,26848000,221231000,207208000,14023000,181202000,77143000,104059000,7631203498.0,-217213000.0,0.0,2248000.0,25616000.0,0.0,42616000.0,-247133000.0,-207500000.0,-13594000.0,898000.0,44418000.0,44418000.0,44418000.0,0.0,0.0,0.575,22571000.0,5800000.0,51394000,0.0,15.855,,,245559000,0.0,104.54,,,13736000,-96013000,77223000.0,77223000.0,3763000.0,,,,,0.0,17285000.0,1.0,72997929,72596000.0,76089000.0,1.064,723212000,39219000,-36554000.0,0,9.962,346944000
58,FSLR,ARQ,2007-03-31,2007-05-08,2007-03-31,2021-07-30,1202000,618763000,,387489000,231274000,,5.283,-40755000.0,325012000,325012000,36907000.0,5028000.0,5.682,0.381,95830000,23875000,71955000,95830000,0,0.0,0,0.0,0.0,8510000.0,8510000.0,0.127,8510000.0,8510000.0,8309000.0,0.07,0.07,0.07,382218000,,382218000,4750981980.0,,,-1826000.0,-0.025,1.0,30042000.0,0.449,0,201000.0,321387000,,15023000,8639000,326000,8313000,145448000,68194000,77254000,4980163980.0,16920000.0,0.0,588000.0,13992000.0,0.0,18669000.0,-40793000.0,-38000.0,38929000.0,115000.0,5028000.0,5028000.0,5028000.0,0.0,0.0,0.075,25222000.0,4820000.0,44319000,0.0,13.03,,,220918000,0.0,68.82,,,7844000,-140431000,66949000.0,66949000.0,3058000.0,,,,,0.0,13690000.0,1.0,72365068,72347000.0,75392000.0,0.925,618763000,0,3281000.0,0,8.553,319295000
59,FSLR,ARQ,2006-12-31,2007-03-16,2006-12-30,2021-07-30,1022000,578510000,,388522000,189988000,,6.432,-55101000.0,308092000,308092000,27080000.0,8038000.0,7.461,0.284,80697000,19650000,61047000,80697000,0,0.0,0,0.0,0.0,13220000.0,13220000.0,0.251,13220000.0,13220000.0,13063000.0,0.15,0.15,0.15,411440000,,411440000,3500757991.0,343.0,343.111,-41774000.0,-0.653,1.0,25615000.0,0.486,0,157000.0,299042000,,16510000,8547000,323000,8224000,116844000,52073000,64771000,3728152991.0,276719000.0,0.0,302650000.0,7943000.0,0.0,319329000.0,-56438000.0,-1337000.0,13327000.0,501000.0,8038000.0,8038000.0,8038000.0,0.0,0.0,0.153,16574000.0,9041000.0,32083000,0.0,9.061,938.136,736.0,178868000,0.0,51.52,27.621,21.494,27966000,-145403000,52695000.0,52695000.0,1649000.0,,,,,0.0,10950000.0,1.0,72363218,63969000.0,58255000.0,0.824,578510000,0,5025000.0,0,9.044,336449000
60,FSLR,ARQ,2006-09-30,2006-11-15,2006-09-30,2021-07-30,-64000,255146000,,89947000,165199000,,1.748,,31373000,31373000,,,1.275,0.898,71017000,35448000,35569000,71017000,0,,0,,0.0,,,,,,,,,,121258000,,121258000,,,,,,1.0,,,0,,224233000,,10526000,7054000,320000,6734000,108944000,70557000,38387000,,,,,,,,,,,,,,,,,,,,34949000,,,,,156799000,,,,,26433000,-153441000,,,,,,,,,,1.0,69387276,69387276.0,,,255146000,0,,0,3.677,19390000
0,FSLR,ART,2021-06-30,2021-07-30,2021-06-30,2021-07-30,-83461000,7248473000,7112882750.0,3155476000,4092997000,0.417,54.402,-376465000.0,1346888000,1346888000,2157591000.0,562860000.0,4.774,0.253,279323000,3239000,276084000,279323000,237244000,247962000.0,0,0.0,0.0,623015000.0,870977000.0,0.293,870977000.0,623015000.0,601403000.0,5.31,5.26,5.31,5783635000,5598864000.0,5783635000,8080147744.0,13.0,9.277,-84479000.0,-0.795,1.0,811760000.0,0.273,65131000,21612000.0,5454854000,5379687250.0,829776000,418505000,418505000,0,1464838000,660923000,803915000,9147712744.0,485458000.0,297403000.0,0.0,-52844000.0,0.0,-69008000.0,257574000.0,335139000.0,291986000.0,4906000.0,562860000.0,562860000.0,562860000.0,0.0,0.0,0.19,333248000.0,478512000.0,148326000,0.0,1.582,16.252,16.203,2630011000,0.0,86.04,3.081,3.081,597624000,3007882000,2969351000.0,2969351000.0,89450000.0,0.079,0.101,0.116,0.21,26832000.0,200994000.0,1.0,106319302,106313000.0,106836000.0,27.93,7183342000,107450000,38543000.0,21671000,67.568,2494553000
1,FSLR,ART,2021-03-31,2021-04-30,2021-03-31,2021-07-30,-84650000,7108910000,7068919000.0,3136890000,3972020000,0.422,53.68,-394244000.0,972879000,972879000,2207480000.0,517322000.0,4.687,0.248,256900000,2453000,254447000,256900000,206530000,239851000.0,0,0.0,0.0,565976000.0,805827000.0,0.27,805827000.0,565976000.0,545733000.0,4.88,4.84,4.88,5694780000,5459654250.0,5694780000,7420065273.0,13.0,9.208,-131738000.0,-1.242,1.0,775102000.0,0.26,67866000,20243000.0,5655724000,5431469250.0,755366000,562735000,562735000,0,1414130000,669341000,744789000,8136044273.0,214973000.0,145969000.0,0.0,-84102000.0,0.0,-100598000.0,44165000.0,283747000.0,262506000.0,8900000.0,517322000.0,517322000.0,517322000.0,0.0,0.0,0.173,357816000.0,417286000.0,186087000,0.0,1.429,15.727,15.682,2634402000,0.0,76.53,2.728,2.722,817100000,2925433000,2982582000.0,2982582000.0,87998000.0,0.073,0.095,0.104,0.19,25178000.0,216418000.0,1.0,106311829,106088000.0,106890000.0,28.114,7041044000,106803000,28411000.0,15351000,66.37,2467549000
2,FSLR,ART,2020-12-31,2021-02-26,2020-12-31,2021-07-30,-61726000,7108931000,7028976750.0,3014535000,4094396000,0.386,52.15,-416635000.0,1227002000,1227002000,2030659000.0,398355000.0,3.557,0.288,279231000,41540000,237691000,279231000,188813000,232925000.0,0,0.0,0.0,315097000.0,548022000.0,0.202,548022000.0,315097000.0,291061000.0,3.76,3.73,3.76,5520928000,5328114750.0,5520928000,7639246966.0,24.0,13.94,-379515000.0,-3.585,1.0,680673000.0,0.251,70600000,24036000.0,5243162000,5437879750.0,768816000,785346000,520066000,265280000,1588003000,847398000,740605000,8587017966.0,-172916000.0,0.0,0.0,-68665000.0,0.0,-82587000.0,-131227000.0,290908000.0,37120000.0,3778000.0,398355000.0,398355000.0,398355000.0,0.0,0.0,0.147,363184000.0,317489000.0,183349000,0.0,1.555,21.556,21.548,2645681000,0.0,81.02,3.167,3.164,292456000,2715762000,2711332000.0,2711332000.0,93738000.0,0.057,0.075,0.058,0.116,29267000.0,222918000.0,1.0,105986398,105867000.0,106686000.0,25.611,7038331000,104099000,-107294000.0,14571000,66.483,2167137000
3,FSLR,ART,2020-09-30,2020-10-28,2020-09-30,2021-07-30,-59697000,6985217000,7130666250.0,2800493000,4184724000,0.491,50.923,-485430000.0,1277054000,1277054000,2647109000.0,223244000.0,3.831,0.294,260868000,40412000,220456000,260868000,115592000,228782000.0,0,0.0,0.0,175551000.0,404333000.0,0.115,404333000.0,175551000.0,151485000.0,2.11,2.09,2.11,5396113000,5222074500.0,5396113000,8872450329.0,51.0,21.943,147065000.0,1.388,1.0,854368000.0,0.244,72931000,24066000.0,5165009000,5360483000.0,765305000,615326000,353819000,261507000,1589104000,731091000,858013000,9888636329.0,341183000.0,0.0,0.0,-91119000.0,0.0,-104995000.0,-191341000.0,313569000.0,632495000.0,5024000.0,223244000.0,223244000.0,223244000.0,0.0,0.0,0.064,712519000.0,141849000.0,153925000,0.0,1.833,44.295,44.223,2643991000,0.0,93.31,2.824,2.824,307232000,2600059000,3501477000.0,3501477000.0,96495000.0,0.031,0.043,0.033,0.05,30210000.0,215861000.0,1.0,105976169,105967000.0,106751000.0,33.043,6912286000,210340000,-71759000.0,32172000,65.231,2069402000
4,FSLR,ART,2020-06-30,2020-08-07,2020-06-30,2021-07-30,-67260000,7072618000,7148033750.0,2731176000,4341442000,0.437,49.343,-561833000.0,1052700000,1052700000,2421002000.0,98829000.0,3.656,0.353,464756000,77029000,387727000,464756000,130575000,220535000.0,0,0.0,0.0,22065000.0,242600000.0,0.078,242600000.0,22065000.0,3998000.0,0.94,0.93,0.94,5226796000,5168667000.0,5226796000,7140082137.0,324.0,29.432,-454857000.0,-4.294,1.0,699716000.0,0.224,75656000,18067000.0,5661982000,5446348250.0,703270000,747316000,494080000,253236000,1845822000,747036000,1098786000,7728026137.0,-185757000.0,0.0,0.0,-15881000.0,0.0,-28445000.0,-263125000.0,318108000.0,106976000.0,-1163000.0,98829000.0,98829000.0,98829000.0,0.0,0.0,0.032,723726000.0,-24010000.0,158800000,0.0,1.479,78.196,77.585,2789956000,0.0,72.93,2.476,2.475,351723000,2445022000,3120718000.0,3120718000.0,98435000.0,0.014,0.019,0.004,0.007,32627000.0,219542000.0,1.0,105964982,105927000.0,106473000.0,29.461,6996962000,204942000,-94831000.0,16951000,66.055,1984140000
5,FSLR,ART,2020-03-31,2020-05-08,2020-03-31,2021-07-30,-83650000,6949141000,7164331000.0,2747843000,4201298000,0.428,48.948,-632095000.0,929355000,929355000,2423825000.0,43370000.0,3.752,0.344,472395000,81807000,390588000,472395000,136998000,212882000.0,0,0.0,0.0,-26197000.0,186685000.0,0.061,186685000.0,-26197000.0,-49931000.0,0.41,0.4,0.41,5168622000,5145749000.0,5168622000,4219899037.0,-161.0,22.604,-659318000.0,-6.244,1.0,639438000.0,0.209,78380000,23734000.0,5681366000,5316361750.0,662051000,825750000,579340000,246410000,1780519000,732435000,1048084000,4676859037.0,-187747000.0,0.0,0.0,-14092000.0,0.0,-26335000.0,-126081000.0,523061000.0,-27223000.0,-8108000.0,43370000.0,43370000.0,43370000.0,0.0,0.0,0.014,722928000.0,-83490000.0,173762000,0.0,0.905,107.836,107.707,2714884000,0.0,44.16,1.527,1.522,411390000,2408111000,3063263000.0,3063263000.0,100347000.0,0.006,0.008,-0.005,-0.009,39614000.0,218706000.0,1.0,105907134,105595000.0,106386000.0,29.01,6870761000,213600000,-93301000.0,8287000,65.067,2015408000
6,FSLR,ART,2019-12-31,2020-02-21,2019-12-31,2021-07-30,-79334000,7515689000,7241277250.0,3599834000,3915855000,0.423,48.398,-668717000.0,1656598000,1656598000,2513905000.0,-114933000.0,2.731,0.475,471697000,17510000,454187000,471697000,323217000,205475000.0,0,0.0,0.0,-93347000.0,112128000.0,0.037,112128000.0,-93347000.0,-120413000.0,-1.09,-1.09,-1.09,5096767000,5135883750.0,5096767000,4150202475.0,-44.0,37.013,-494516000.0,-4.696,1.0,549212000.0,0.179,79005000,27066000.0,4933575000,5271766500.0,604159000,811506000,811506000,0,2418922000,1318208000,1100714000,5335103475.0,-116113000.0,0.0,0.0,90033000.0,0.0,74943000.0,-362298000.0,309295000.0,174201000.0,-2959000.0,-114933000.0,-114933000.0,-114933000.0,0.0,0.0,-0.038,710997000.0,-161785000.0,218081000,0.0,1.047,-46.419,-46.413,2658126000,0.0,50.59,1.742,1.739,658512000,2326620000,3063117000.0,3063117000.0,96611000.0,-0.016,-0.022,-0.018,-0.03,37429000.0,205471000.0,1.0,105457669,105310000.0,105310000.0,29.087,7436684000,130771000,-5480000.0,17010000,70.617,2281626000
7,FSLR,ART,2019-09-30,2019-10-25,2019-09-30,2021-07-30,-39518000,7054687000,7142695500.0,3043490000,4011197000,0.33,49.171,-639789000.0,1184468000,1184468000,2041014000.0,-3409000.0,4.0,0.361,480304000,28240000,452064000,480304000,93283000,191514000.0,0,0.0,0.0,53054000.0,244568000.0,0.104,244568000.0,53054000.0,17560000.0,-0.03,-0.04,-0.03,5182483000,5164792750.0,5182483000,4846560510.0,91.0,19.817,-1432780000.0,-13.594,1.0,313967000.0,0.133,81247000,35494000.0,5508470000,5271402750.0,729344000,661552000,661552000,0,1872204000,760806000,1111398000,5550724510.0,-548666000.0,270000.0,0.0,213144000.0,0.0,193787000.0,58374000.0,695191000.0,-792991000.0,-7836000.0,-3409000.0,-3409000.0,-3409000.0,0.0,0.0,-0.001,346878000.0,-32911000.0,218088000,0.0,1.071,-1628.256,-1755.333,2591561000,0.0,52.66,2.357,2.357,532319000,2386028000,2354981000.0,2354981000.0,92572000.0,0.0,-0.001,0.01,0.023,32775000.0,201166000.0,1.0,105406846,105397000.0,106227000.0,22.344,6973440000,66114000,20969000.0,15409000,66.164,2282684000
8,FSLR,ART,2019-06-30,2019-08-02,2019-06-30,2021-07-30,-46920000,7137807000,7152662500.0,3412246000,3725561000,0.347,48.735,-695051000.0,1550159000,1550159000,2179664000.0,23719000.0,4.046,0.39,481288000,28312000,452976000,481288000,112237000,174788000.0,0,0.0,0.0,65765000.0,240553000.0,0.097,240553000.0,65765000.0,32049000.0,0.23,0.21,0.23,5135124000,5161911250.0,5135124000,5953581859.0,91.0,24.75,-1395586000.0,-13.245,1.0,304731000.0,0.123,83581000,33716000.0,5142036000,5101140000.0,735778000,807561000,807561000,0,2002683000,843319000,1159364000,7022452859.0,-764857000.0,360000.0,0.0,286743000.0,0.0,265956000.0,-327779000.0,364188000.0,-700535000.0,-2499000.0,23719000.0,23719000.0,23719000.0,0.0,0.0,0.01,320471000.0,-15740000.0,242541000,0.0,1.368,296.069,289.696,2310991000,0.0,66.63,2.827,2.826,397499000,2355406000,2484395000.0,2484395000.0,90050000.0,0.003,0.005,0.013,0.026,30700000.0,181163000.0,1.0,105394760,105369000.0,105369000.0,23.578,7054226000,76892000,8330000.0,15293000,66.948,2568927000
9,FSLR,ART,2019-03-31,2019-05-03,2019-03-31,2021-07-30,-59013000,7256926000,7124633750.0,3662826000,3594100000,0.31,48.828,-711281000.0,1402039000,1402039000,1989266000.0,-6224000.0,4.379,0.415,570717000,12361000,558356000,570717000,166984000,155189000.0,0,0.0,0.0,15058000.0,170247000.0,0.077,170247000.0,15058000.0,-15802000.0,-0.05,-0.07,-0.05,5129161000,5155837250.0,5129161000,5675290706.0,377.0,33.336,-1296244000.0,-12.34,1.0,219491000.0,0.099,86103000,30860000.0,5502985000,4870252000.0,601664000,1103812000,1103812000,0,2127765000,836516000,1291249000,6506612706.0,-740958000.0,48729000.0,0.0,321761000.0,0.0,300910000.0,-447796000.0,215655000.0,-584963000.0,-9109000.0,-6224000.0,-6224000.0,-6224000.0,0.0,0.0,-0.003,330281000.0,-110790000.0,221738000,0.0,1.269,-1045.407,-1235.2,2164921000,0.0,61.76,2.946,2.937,668809000,2373954000,2208757000.0,2208757000.0,86025000.0,-0.001,-0.001,0.003,0.007,30521000.0,181083000.0,1.0,105353185,105046000.0,105046000.0,21.027,7170823000,78283000,-9578000.0,7865000,68.264,2826310000
10,FSLR,ART,2018-12-31,2019-02-22,2018-12-31,2021-07-30,-54466000,7121362000,7020449500.0,3859523000,3261839000,0.32,49.763,-739838000.0,1721952000,1721952000,1851867000.0,144326000.0,4.565,0.366,466791000,5570000,461221000,466791000,129755000,130736000.0,0,0.0,0.0,173688000.0,304424000.0,0.136,304424000.0,173688000.0,147767000.0,1.38,1.36,1.38,5212403000,5163389750.0,5212403000,4380824354.0,25.0,14.391,-1066647000.0,-10.183,1.0,392177000.0,0.175,88624000,25921000.0,4932120000,4598966000.0,517995000,1146890000,1143704000,3186000,1908959000,845457000,1063502000,5635985354.0,-767853000.0,48729000.0,0.0,271988000.0,0.0,255228000.0,-682714000.0,14543000.0,-326809000.0,-13558000.0,144326000.0,144326000.0,144326000.0,0.0,0.0,0.064,352064000.0,40113000.0,233287000,0.0,1.081,39.05,38.935,2064851000,0.0,53.73,2.512,2.508,609280000,2441553000,2244044000.0,2244044000.0,84472000.0,0.021,0.028,0.038,0.077,34154000.0,176857000.0,1.0,104894572,104745000.0,106113000.0,21.424,7032738000,77682000,3441000.0,20885000,67.142,3014066000
11,FSLR,ART,2018-09-30,2018-10-26,2018-09-30,2021-07-30,-35171000,7094555000,6956234250.0,3886089000,3208466000,0.272,49.339,-809848000.0,1776008000,1776008000,1536047000.0,-340244000.0,4.476,0.372,466103000,2618000,463485000,466103000,215900000,114953000.0,0,0.0,0.0,86896000.0,201849000.0,0.107,201849000.0,86896000.0,66378000.0,-3.27,-3.27,-3.27,5170957000,5134963250.0,5170957000,2817184719.0,32.0,13.957,-517200000.0,-4.935,1.0,355937000.0,0.188,89047000,20518000.0,4827419000,4320875750.0,420304000,1298241000,1295049000,3192000,1923598000,868184000,1055414000,4127089719.0,-555304000.0,50199000.0,0.0,211938000.0,0.0,183622000.0,-1018566000.0,-249666000.0,292648000.0,-13008000.0,-340244000.0,-340244000.0,-340244000.0,0.0,0.0,-0.18,361903000.0,-5966000.0,154602000,0.0,0.798,-12.13,-12.041,1981622000,0.0,39.375,2.181,2.181,584141000,2389438000,1891984000.0,1891984000.0,86667000.0,-0.049,-0.066,0.02,0.046,36381000.0,180516000.0,1.0,104814977,104804000.0,106163000.0,18.053,7005508000,108636000,406622000.0,49941000,66.844,3017905000
12,FSLR,ART,2018-06-30,2018-07-27,2018-06-30,2021-07-30,-30237000,7025692000,6946268750.0,3986040000,3039652000,0.332,48.779,-669478000.0,2356534000,2356534000,1784180000.0,-192247000.0,4.888,0.375,456295000,7741000,448554000,456295000,199482000,109137000.0,0,0.0,0.0,241028000.0,350165000.0,0.152,350165000.0,241028000.0,219559000.0,-1.85,-1.86,-1.85,5110828000,5220323000.0,5110828000,3512786882.0,15.0,10.032,429715000.0,4.101,1.0,518610000.0,0.225,91557000,21469000.0,4218484000,4187811750.0,353361000,1118531000,1110421000,8110000,1914864000,815412000,1099452000,5413025882.0,543847000.0,50109000.0,0.0,158605000.0,0.0,125118000.0,-673181000.0,-45068000.0,1099193000.0,-7283000.0,-192247000.0,-192247000.0,-192247000.0,0.0,0.0,-0.083,376062000.0,142548000.0,161139000,0.0,1.059,-28.157,-27.919,1800741000,0.0,51.65,2.351,2.35,324488000,2331688000,2302790000.0,2302790000.0,85127000.0,-0.028,-0.037,0.058,0.105,38934000.0,197523000.0,1.0,104802050,104776000.0,104776000.0,21.978,6934135000,93730000,411806000.0,29822000,66.181,3170628000
13,FSLR,ART,2018-03-31,2018-04-27,2018-03-31,2021-07-30,-18583000,6840189000,6859917250.0,3770299000,3069890000,0.381,49.348,-579089000.0,2212420000,2212420000,1979237000.0,-91793000.0,6.809,0.326,437879000,6062000,431817000,437879000,67336000,106764000.0,0,0.0,0.0,307927000.0,414691000.0,0.158,414691000.0,307927000.0,286149000.0,-0.89,-0.9,-0.89,5159371000,5265443250.0,5159371000,6391750674.0,21.0,15.413,223158000.0,2.134,1.0,637561000.0,0.244,94069000,21778000.0,4417841000,4259675000.0,290467000,1221091000,1020136000,200955000,1680818000,553738000,1127080000,8166291674.0,237082000.0,1740000.0,0.0,172742000.0,0.0,132037000.0,-708301000.0,-124073000.0,802247000.0,11099000.0,-91793000.0,-91793000.0,-91793000.0,0.0,0.0,-0.035,377451000.0,260110000.0,136897000,0.0,1.583,-88.964,-87.584,1666785000,0.0,77.95,3.121,3.114,492879000,2380178000,2616798000.0,2616798000.0,86098000.0,-0.013,-0.017,0.072,0.118,36722000.0,195626000.0,1.0,104763203,104550000.0,106305000.0,25.029,6746120000,64427000,377942000.0,10164000,64.525,3216561000
14,FSLR,ART,2017-12-31,2018-02-23,2017-12-31,2021-07-30,2259000,6864501000,6800995750.0,3832772000,3031729000,0.432,48.872,-514357000.0,2693317000,2693317000,2392377000.0,-165615000.0,5.894,0.346,393540000,13075000,380465000,393540000,81816000,115313000.0,0,0.0,0.0,232146000.0,347459000.0,0.118,347459000.0,232146000.0,206381000.0,-1.59,-1.59,-1.59,5098697000,5282552000.0,5098697000,4155711994.0,18.0,11.96,826320000.0,7.92,1.0,548947000.0,0.187,94689000,25765000.0,3819759000,4215957000.0,285647000,939882000,720379000,219503000,1765804000,650276000,1115528000,6455488994.0,914786000.0,1740000.0,0.0,234362000.0,0.0,192045000.0,-626802000.0,-113942000.0,1340677000.0,8866000.0,-165615000.0,-165615000.0,-165615000.0,0.0,0.0,-0.056,371096000.0,177851000.0,120220000,0.0,1.266,-38.979,-38.862,1571645000,0.0,61.79,2.195,2.192,455186000,2297227000,2941324000.0,2941324000.0,88573000.0,-0.024,-0.031,0.055,0.079,35121000.0,202699000.0,1.0,104474656,104328000.0,104328000.0,28.193,6769812000,51417000,371996000.0,19581000,64.89,3182496000
15,FSLR,ART,2017-09-30,2017-10-27,2017-09-30,2021-07-30,-5856000,7054693000,6801673750.0,3966494000,3088199000,0.453,52.785,-368713000.0,2427946000,2427946000,2532111000.0,-429244000.0,6.85,0.28,343660000,13451000,330209000,343660000,69095000,148271000.0,0,0.0,0.0,-367209000.0,-218938000.0,-0.071,-218938000.0,-367209000.0,-390083000.0,-4.22,-4.22,-4.22,5512396000,5311049500.0,5512396000,3938364418.0,-11.0,-17.988,845332000.0,8.095,1.0,550466000.0,0.179,96227000,22874000.0,4295163000,4344767250.0,327967000,927205000,699544000,227661000,1542297000,579017000,963280000,6022650418.0,584967000.0,-8308000.0,0.0,-419581000.0,0.0,-485614000.0,-139836000.0,276646000.0,1214045000.0,-3628000.0,-429244000.0,-429244000.0,-429244000.0,0.0,0.0,-0.139,1102956000.0,-552490000.0,130704000,0.0,1.093,-14.031,-13.666,1394602000,0.0,57.67,1.954,1.954,869195000,2729681000,3082577000.0,3082577000.0,94461000.0,-0.063,-0.081,-0.085,-0.119,47941000.0,218072000.0,1.0,104432988,104432000.0,105660000.0,29.518,6958466000,276423000,39161000.0,4396000,66.632,3387477000
16,FSLR,ART,2017-06-30,2017-07-28,2017-06-30,2021-07-30,-12023000,6680286000,7059915500.0,3436912000,3243374000,0.38,50.713,-316815000.0,1893238000,1893238000,2238634000.0,-480845000.0,6.821,0.263,321033000,13574000,307459000,321033000,31503000,176801000.0,0,0.0,0.0,-475498000.0,-298697000.0,-0.111,-298697000.0,-475498000.0,-499786000.0,-4.7,-4.68,-4.7,5291309000,5419390250.0,5291309000,3530673485.0,-7.0,-11.82,240059000.0,2.301,1.0,444946000.0,0.166,98296000,24288000.0,4505937000,4644066500.0,446221000,945536000,719569000,225967000,1388977000,503848000,885129000,5102878485.0,557628000.0,-7431000.0,0.0,113265000.0,0.0,42031000.0,-32774000.0,329239000.0,556874000.0,-8503000.0,-480845000.0,-480845000.0,-480845000.0,0.0,0.0,-0.179,1115729000.0,-670783000.0,118075000,0.0,0.964,-10.612,-10.398,1246554000,0.0,48.87,1.902,1.9,678510000,2523934000,2683580000.0,2683580000.0,105784000.0,-0.068,-0.089,-0.102,-0.177,53672000.0,227871000.0,1.0,104417403,104338000.0,104611000.0,25.72,6581990000,262879000,-18941000.0,1554000,63.083,2933064000
17,FSLR,ART,2017-03-31,2017-05-05,2017-03-31,2021-07-30,-12210000,6604503000,7275849000.0,3330238000,3274265000,0.412,50.218,-290691000.0,2011482000,2011482000,2469417000.0,-519400000.0,6.319,0.263,277363000,11540000,265823000,277363000,24754000,205533000.0,0,0.0,0.0,-464201000.0,-258668000.0,-0.086,-258668000.0,-464201000.0,-489266000.0,-5.07,-5.05,-5.07,5227806000,5547724250.0,5227806000,1868060778.0,-4.0,-7.222,358712000.0,3.446,1.0,525218000.0,0.175,100364000,25065000.0,4242969000,4854491250.0,532316000,1017911000,789442000,228469000,1376697000,527051000,849646000,3602179778.0,543931000.0,-11979000.0,0.0,3901000.0,0.0,-47413000.0,-38023000.0,307875000.0,649403000.0,-20036000.0,-519400000.0,-519400000.0,-519400000.0,0.0,0.0,-0.173,1201058000.0,-675840000.0,143455000,0.0,0.689,-6.935,-6.813,1143841000,0.0,34.54,1.203,1.201,291316000,2471971000,2994635000.0,2994635000.0,117374000.0,-0.071,-0.094,-0.096,-0.155,38001000.0,242690000.0,1.0,104290092,104103000.0,104410000.0,28.766,6504139000,251453000,30134000.0,5002000,62.478,2803187000
18,FSLR,ART,2016-12-31,2017-02-22,2016-12-31,2021-07-30,-9907000,6867213000,7519170500.0,3786620000,3080593000,0.393,50.675,-229452000.0,1718462000,1718462000,2247349000.0,-357964000.0,4.209,0.317,188388000,27966000,160422000,188388000,400063000,230940000.0,0,0.0,0.0,-279207000.0,-48267000.0,-0.016,-48267000.0,-279207000.0,-299745000.0,-3.48,-3.48,-3.48,5212687000,5675509000.0,5212687000,1962706277.0,-7.0,-40.664,-22699000.0,-0.221,1.0,703979000.0,0.239,102432000,20538000.0,4335000000,5077002500.0,463731000,850352000,607991000,242361000,1654526000,899707000,754819000,3492780277.0,208574000.0,-11979000.0,0.0,-110551000.0,0.0,-136393000.0,144520000.0,395910000.0,206753000.0,-6306000.0,-357964000.0,-357964000.0,-357964000.0,0.0,0.0,-0.121,1206569000.0,-502590000.0,148730000,0.0,0.67,-9.757,-9.647,1077743000,0.0,33.57,1.183,1.17,541954000,2463279000,2951328000.0,2951328000.0,124762000.0,-0.048,-0.063,-0.055,-0.095,28712000.0,261994000.0,1.0,104044691,102866000.0,102866000.0,28.691,6764781000,252655000,58219000.0,5288000,65.763,2886913000
19,FSLR,ART,2016-09-30,2016-11-03,2016-09-30,2021-07-30,49864000,8087660000,7631450000.0,3465418000,4622242000,0.447,57.536,-202959000.0,1823859000,1823859000,2541390000.0,502254000.0,2.462,0.36,787157000,626026000,161131000,787157000,184167000,236123000.0,0,0.0,0.0,500789000.0,736912000.0,0.216,736912000.0,500789000.0,479253000.0,4.91,4.9,4.91,5945759000,5759459000.0,5945759000,2549337908.0,5.0,3.459,-250435000.0,-2.423,1.0,871828000.0,0.255,151274000,21536000.0,5492360000,5240566250.0,471248000,1124948000,675985000,448963000,2141901000,1407324000,734577000,3586039908.0,224516000.0,-5635000.0,0.0,489753000.0,0.0,495435000.0,-229338000.0,-75287000.0,-47476000.0,5895000.0,502254000.0,502254000.0,502254000.0,0.0,0.0,0.147,477183000.0,394645000.0,201835000,0.0,0.603,7.14,7.029,1753583000,0.0,34.51,1.051,1.045,589144000,3128229000,3413218000.0,3413218000.0,132019000.0,0.066,0.087,0.096,0.147,23677000.0,254511000.0,1.0,103913066,103339000.0,103733000.0,33.029,7936386000,347081000,-23001000.0,10486000,76.8,2058094000
20,FSLR,ART,2016-06-30,2016-08-04,2016-06-30,2021-07-30,56639000,7544020000,7374695500.0,3076621000,4467399000,0.542,56.749,-202389000.0,1330679000,1330679000,2826521000.0,697426000.0,3.232,0.3,233430000,71591000,161839000,233430000,204830000,243747000.0,0,0.0,0.0,791149000.0,1034896000.0,0.259,1034896000.0,791149000.0,773401000.0,6.88,6.82,6.88,5804645000,5620201250.0,5804645000,3377910657.0,4.0,3.264,-153071000.0,-1.496,1.0,1169913000.0,0.293,147106000,17748000.0,5347636000,5032354750.0,488389000,1178022000,750779000,427243000,1739375000,952029000,787346000,4475159657.0,-158484000.0,27166000.0,0.0,-64419000.0,0.0,-47976000.0,-158510000.0,-70338000.0,49318000.0,-1316000.0,697426000.0,697426000.0,697426000.0,0.0,0.0,0.175,466143000.0,703770000.0,263062000,0.0,0.771,6.417,6.355,1679026000,0.0,43.72,1.12,1.119,564653000,2974083000,3996434000.0,3996434000.0,129476000.0,0.095,0.124,0.157,0.198,13074000.0,247882000.0,1.0,102359553,102287000.0,103875000.0,39.071,7396914000,351714000,75975000.0,1518000,72.315,2124592000
21,FSLR,ART,2016-03-31,2016-04-28,2016-03-31,2021-07-30,27094000,7577789000,7189641750.0,3274157000,4303632000,0.551,56.345,-162773000.0,1487983000,1487983000,2815039000.0,778508000.0,3.077,0.32,299342000,94080000,205262000,299342000,252404000,252940000.0,0,0.0,0.0,823519000.0,1076459000.0,0.272,1076459000.0,823519000.0,812096000.0,7.69,7.62,7.69,5738945000,5429407500.0,5738945000,4641375001.0,6.0,4.312,-55283000.0,-0.543,1.0,1143231000.0,0.289,192005000,11423000.0,5133014000,4829545500.0,549862000,1186389000,794220000,392169000,1838844000,1064129000,774715000,5830016001.0,306372000.0,36320000.0,0.0,107895000.0,0.0,129733000.0,67846000.0,113692000.0,107490000.0,1303000.0,778508000.0,778508000.0,778508000.0,0.0,0.0,0.197,391199000.0,752032000.0,274991000,0.0,1.016,7.489,7.415,1380635000,0.0,57.02,1.473,1.467,454582000,2960675000,3958270000.0,3958270000.0,126024000.0,0.108,0.143,0.171,0.208,20622000.0,255007000.0,1.0,102245107,101853000.0,102745000.0,38.863,7385784000,359959000,33588000.0,7414000,72.514,2210028000
22,FSLR,ART,2015-12-31,2016-02-24,2015-12-31,2021-07-30,15480000,7316331000,6963863000.0,3345586000,3970745000,0.514,54.998,-166361000.0,1460704000,1460704000,2659728000.0,546421000.0,3.482,0.319,289415000,38090000,251325000,289415000,116522000,257825000.0,0,0.0,0.0,547240000.0,805065000.0,0.225,805065000.0,547240000.0,540265000.0,5.42,5.37,5.42,5548487000,5241447750.0,5548487000,5896475682.0,11.0,7.324,-527280000.0,-5.226,1.0,919267000.0,0.257,194987000,6975000.0,4989255000,4678078250.0,488183000,1103259000,703454000,399805000,1767844000,960800000,807044000,7067764682.0,-355228000.0,2703000.0,0.0,143667000.0,0.0,137103000.0,-112140000.0,8385000.0,-360919000.0,-19272000.0,546421000.0,546421000.0,546421000.0,0.0,0.0,0.153,402603000.0,516664000.0,337668000,0.0,1.274,12.935,12.814,1377877000,0.0,69.45,1.975,1.958,578963000,2790110000,3578995000.0,3578995000.0,130593000.0,0.078,0.104,0.117,0.153,27192000.0,255192000.0,1.0,101767670,100886000.0,101815000.0,35.476,7121344000,357693000,-6156000.0,1330000,70.588,2384786000
23,FSLR,ART,2015-09-30,2015-11-09,2015-09-30,2021-07-30,28491000,7060642000,6815890000.0,3251329000,3809313000,0.535,53.403,-211038000.0,1592863000,1592863000,2648453000.0,573475000.0,3.628,0.31,285477000,38663000,246814000,285477000,96801000,193923000.0,0,0.0,0.0,596502000.0,790425000.0,0.217,790425000.0,596502000.0,593154000.0,5.7,5.61,5.7,5388728000,5111197750.0,5388728000,4585339515.0,8.0,5.801,302942000.0,3.002,1.0,996211000.0,0.273,197455000,3348000.0,4659514000,4392498500.0,487741000,918917000,619814000,299103000,1671914000,896287000,775627000,5892725515.0,567180000.0,-10582000.0,0.0,148227000.0,0.0,146264000.0,-65486000.0,69761000.0,513980000.0,-27578000.0,573475000.0,573475000.0,573475000.0,0.0,0.0,0.157,412149000.0,584062000.0,303593000,0.0,1.094,10.275,10.244,1423474000,0.0,58.39,1.617,1.617,589079000,2625975000,3644664000.0,3644664000.0,128809000.0,0.084,0.112,0.136,0.164,6496000.0,263273000.0,1.0,100920115,100906000.0,102299000.0,36.119,6863187000,342292000,19679000.0,2028000,68.016,2355042000
24,FSLR,ART,2015-06-30,2015-08-05,2015-06-30,2021-07-30,12988000,6803805000,6660718000.0,3156206000,3647599000,0.49,49.989,-236907000.0,1452545000,1452545000,2561596000.0,312581000.0,3.453,0.35,299685000,41898000,257787000,299685000,168587000,129157000.0,0,0.0,0.0,278360000.0,407517000.0,0.125,407517000.0,278360000.0,276698000.0,3.12,3.07,3.12,5041470000,4962320000.0,5041470000,4086009845.0,15.0,10.027,208860000.0,2.071,1.0,701133000.0,0.215,200439000,1662000.0,4536399000,4333417750.0,590533000,853525000,700017000,153508000,1762335000,914107000,848228000,5238869845.0,223798000.0,-56492000.0,0.0,178346000.0,0.0,177586000.0,-364813000.0,-5799000.0,445767000.0,-34742000.0,312581000.0,312581000.0,312581000.0,0.0,0.0,0.096,431132000.0,270001000.0,273280000,0.0,1.039,16.76,16.641,1399464000,0.0,51.92,1.606,1.605,400383000,2311888000,3262729000.0,3262729000.0,136772000.0,0.047,0.063,0.064,0.085,-10420000.0,276085000.0,1.0,100902732,100852000.0,101607000.0,32.352,6603366000,340098000,-35883000.0,4771000,65.476,2242099000
25,FSLR,ART,2015-03-31,2015-05-01,2015-03-31,2021-07-30,71474000,6674674000,6612770500.0,3149703000,3524971000,0.44,49.685,-260546000.0,1201783000,1201783000,2281490000.0,222619000.0,3.198,0.338,242509000,42123000,200386000,242509000,242970000,63260000.0,0,0.0,0.0,219676000.0,282936000.0,0.097,282936000.0,219676000.0,217910000.0,2.23,2.18,2.23,4987106000,4868941250.0,4987106000,4821783849.0,22.0,17.042,320704000.0,3.195,1.0,629375000.0,0.216,203349000,1766000.0,4527145000,4242214500.0,612177000,961995000,704674000,257321000,1687568000,984906000,702662000,5781057849.0,-195286000.0,-61098000.0,0.0,67577000.0,0.0,41791000.0,-782131000.0,-334750000.0,581250000.0,-36196000.0,222619000.0,222619000.0,222619000.0,0.0,0.0,0.076,414599000.0,214776000.0,202755000,0.0,1.159,25.968,25.713,1414166000,0.0,57.34,1.986,1.977,389141000,2217397000,2910865000.0,2910865000.0,139952000.0,0.034,0.046,0.052,0.075,-15154000.0,262851000.0,1.0,100820681,100375000.0,100375000.0,29.0,6471325000,283955000,-4709000.0,2882000,64.471,2164797000
26,FSLR,ART,2014-12-31,2015-02-25,2014-12-31,2021-07-30,50140000,6724439000,6538190250.0,3190466000,3533973000,0.519,50.251,-256017000.0,1889107000,1889107000,2564709000.0,396918000.0,3.187,0.338,216921000,51918000,165003000,216921000,255937000,0.0,0,0.0,0.0,429024000.0,429024000.0,0.126,429024000.0,429024000.0,427042000.0,3.97,3.91,3.97,5027487000,4780512000.0,5027487000,4198898489.0,10.0,9.787,424972000.0,4.248,1.0,827105000.0,0.244,204221000,1982000.0,3846936000,4134241000.0,620705000,764061000,509032000,255029000,1696952000,1001096000,695856000,5871084489.0,156982000.0,-27481000.0,0.0,5500000.0,0.0,7359000.0,-511879000.0,-102463000.0,680989000.0,-19487000.0,396918000.0,396918000.0,396918000.0,0.0,0.0,0.117,402942000.0,424163000.0,214656000,0.0,1.168,14.792,14.746,1448697000,0.0,58.54,1.731,1.727,234019000,2279689000,3391814000.0,3391814000.0,143969000.0,0.061,0.083,0.104,0.126,-31166000.0,253827000.0,1.0,100291843,100048000.0,101643000.0,33.902,6520218000,313891000,30124000.0,1727000,65.171,2189370000
27,FSLR,ART,2014-09-30,2014-11-07,2014-09-30,2021-07-30,23187000,6439954000,6577956000.0,3253026000,3186928000,0.479,47.838,-124062000.0,1111911000,1111911000,2444239000.0,270219000.0,3.541,0.344,218253000,54607000,163646000,218253000,234043000,0.0,0,0.0,0.0,288229000.0,288229000.0,0.091,288229000.0,288229000.0,286816000.0,2.68,2.63,2.68,4793217000,4649419500.0,4793217000,4145961940.0,14.0,14.384,-178863000.0,-1.785,1.0,708019000.0,0.225,204433000,1413000.0,4423191000,4129823500.0,558312000,492875000,492875000,0,1646737000,918672000,728065000,5039619940.0,-570125000.0,-12232000.0,1054000.0,-5225000.0,0.0,-14127000.0,-492160000.0,-162966000.0,-54801000.0,-9037000.0,270219000.0,270219000.0,270219000.0,0.0,0.0,0.086,422755000.0,285264000.0,219997000,0.0,1.051,18.65,18.765,1432330000,0.0,50.29,1.599,1.599,829525000,2087731000,3152258000.0,3152258000.0,147446000.0,0.041,0.058,0.07,0.091,-28967000.0,248520000.0,1.0,100211174,100197000.0,101415000.0,31.461,6235521000,291033000,16597000.0,5346000,62.233,2334354000
28,FSLR,ART,2014-06-30,2014-08-06,2014-06-30,2021-07-30,7429000,6612015000,6683645000.0,3170269000,3441746000,0.528,46.611,-122538000.0,1221940000,1221940000,2645769000.0,376833000.0,2.617,0.416,194674000,60838000,133836000,194674000,425654000,0.0,0,0.0,0.0,415787000.0,415787000.0,0.118,415787000.0,415787000.0,414188000.0,3.78,3.7,3.78,4667955000,4555959000.0,4667955000,5545407658.0,13.0,13.337,244964000.0,2.446,1.0,882766000.0,0.25,201920000,1599000.0,4171586000,3998863750.0,509767000,497521000,497521000,0,1944060000,1211243000,732817000,6572673658.0,-77311000.0,0.0,-1124000.0,-64839000.0,0.0,-102711000.0,-349330000.0,-151261000.0,367502000.0,7228000.0,376833000.0,376833000.0,376833000.0,0.0,0.0,0.107,473358000.0,409408000.0,187530000,0.0,1.408,17.442,17.354,1418206000,0.0,65.6,1.863,1.862,802811000,1999306000,3528535000.0,3528535000.0,144837000.0,0.056,0.083,0.104,0.118,4454000.0,245862000.0,1.0,100193196,100148000.0,101814000.0,35.233,6410095000,352345000,37355000.0,40708000,64.006,1959026000
29,FSLR,ART,2014-03-31,2014-05-07,2014-03-31,2021-07-30,-7885000,6376353000,6747672750.0,3036037000,3340316000,0.519,46.524,-145319000.0,1279951000,1279951000,2573803000.0,405903000.0,3.042,0.376,198885000,60656000,138229000,198885000,229530000,0.0,0,0.0,0.0,454432000.0,454432000.0,0.13,454432000.0,454432000.0,452888000.0,4.11,4.03,4.11,4633389000,4428154750.0,4633389000,5283861243.0,12.0,11.627,326176000.0,3.275,1.0,930139000.0,0.265,202102000,1544000.0,4095251000,3953548500.0,515179000,404033000,404033000,0,1742964000,997934000,745030000,6364927243.0,132441000.0,-22778000.0,429244000.0,-364888000.0,0.0,65931000.0,-415887000.0,-243816000.0,471495000.0,10902000.0,405903000.0,405903000.0,405903000.0,0.0,0.0,0.116,483543000.0,446596000.0,186278000,0.0,1.374,15.681,15.467,1370537000,0.0,63.57,1.817,1.807,765912000,1994779000,3503942000.0,3503942000.0,143142000.0,0.06,0.092,0.115,0.13,-21823000.0,254460000.0,1.0,100124701,99591000.0,101822000.0,35.183,6174251000,297794000,46985000.0,6638000,61.996,2038103000
30,FSLR,ART,2013-12-31,2014-02-26,2013-12-31,2021-07-30,-25776000,6883502000,6727190750.0,3792764000,3090738000,0.492,48.06,-166173000.0,1604513000,1604513000,2446235000.0,353038000.0,2.388,0.529,223323000,60543000,162780000,223323000,642214000,0.0,0,0.0,0.0,380101000.0,380101000.0,0.115,380101000.0,380101000.0,378217000.0,3.77,3.7,3.77,4503117000,4188303000.0,4503117000,3867114756.0,10.0,10.174,689953000.0,7.364,1.0,862754000.0,0.261,84985000,1884000.0,3829266000,3961058250.0,518615000,439102000,439102000,0,2380385000,1588061000,792324000,5248304756.0,423778000.0,-13637000.0,429244000.0,-334954000.0,0.0,101164000.0,-537106000.0,-358936000.0,856126000.0,3594000.0,353038000.0,353038000.0,353038000.0,0.0,0.0,0.107,494225000.0,368529000.0,261333000,0.0,1.165,14.866,13.989,1385084000,0.0,52.74,1.586,1.493,658698000,1882771000,3308989000.0,3308989000.0,134300000.0,0.052,0.084,0.096,0.115,-35076000.0,270261000.0,1.0,99512794,93697000.0,95468000.0,35.316,6798517000,360502000,25179000.0,6707000,72.559,2204703000
31,FSLR,ART,2013-09-30,2013-11-01,2013-09-30,2021-07-30,-27372000,6862710000,6593488250.0,3596566000,3266144000,0.548,44.767,-266375000.0,1471401000,1471401000,2648558000.0,441956000.0,2.198,0.553,229214000,60329000,168885000,229214000,898626000,0.0,0,0.0,0.0,491107000.0,491107000.0,0.136,491107000.0,491107000.0,486513000.0,4.82,4.75,4.82,4419375000,3963905250.0,4419375000,4638700514.0,9.0,9.445,725104000.0,7.345,1.0,967005000.0,0.267,84985000,4594000.0,3899352000,4139179750.0,442511000,339236000,339236000,0,2443335000,1636186000,807149000,5880887514.0,577949000.0,-13508000.0,428295000.0,-302061000.0,0.0,113999000.0,-533148000.0,-257825000.0,991479000.0,5619000.0,441956000.0,441956000.0,441956000.0,0.0,0.0,0.122,486783000.0,480222000.0,184837000,0.0,1.331,13.306,12.27,1397784000,0.0,59.14,1.627,1.615,862474000,1817511000,3615563000.0,3615563000.0,127518000.0,0.067,0.111,0.119,0.136,240000.0,268017000.0,1.0,99440100,98720000.0,100378000.0,36.624,6777725000,348924000,44557000.0,6337000,68.656,1960380000
32,FSLR,ART,2013-06-30,2013-08-07,2013-06-30,2021-07-30,-21705000,6868126000,6373243000.0,3601279000,3266847000,0.5,46.6,-254112000.0,1203840000,1203840000,2347436000.0,334835000.0,1.942,0.652,255764000,61194000,194570000,255764000,1157326000,0.0,0,0.0,0.0,395807000.0,395807000.0,0.124,395807000.0,395807000.0,388586000.0,3.85,3.81,3.85,4156738000,3723600000.0,4156738000,3003713185.0,8.0,7.589,384590000.0,4.311,1.0,841687000.0,0.264,74930000,7221000.0,3990325000,4265811250.0,466929000,356615000,356615000,0,2711388000,1854795000,856593000,3951789185.0,298417000.0,-8915000.0,430474000.0,-264422000.0,0.0,174018000.0,-520049000.0,-259871000.0,638702000.0,5746000.0,334835000.0,334835000.0,334835000.0,0.0,0.0,0.105,462324000.0,379363000.0,217587000,0.0,0.951,11.802,10.512,1560908000,0.0,40.47,1.239,1.132,890612000,1622473000,3189123000.0,3189123000.0,124906000.0,0.053,0.09,0.093,0.124,-16215000.0,277654000.0,1.0,97647373,89201000.0,91142000.0,35.752,6793196000,361566000,53751000.0,4749000,76.156,1746484000
33,FSLR,ART,2013-03-31,2013-05-07,2013-03-31,2021-07-30,-9085000,6294425000,6028045000.0,3109926000,3184499000,0.602,42.13,-326405000.0,1129078000,1129078000,2681365000.0,412220000.0,2.028,0.713,562217000,61106000,501111000,562217000,807011000,0.0,0,0.0,0.0,496589000.0,496589000.0,0.137,496589000.0,496589000.0,482871000.0,4.75,4.71,4.75,3673982000,3524775250.0,3673982000,3245954203.0,7.0,6.537,518395000.0,5.944,1.0,945330000.0,0.261,68833000,13718000.0,4125290000,4288436250.0,521773000,168993000,168993000,0,2620443000,1533441000,1087002000,3812815203.0,232273000.0,12258000.0,106000.0,-290870000.0,0.0,-263532000.0,-343012000.0,-45667000.0,844800000.0,-5983000.0,412220000.0,412220000.0,412220000.0,0.0,0.0,0.114,465404000.0,479926000.0,209019000,0.0,1.038,9.249,9.143,1553205000,0.0,43.43,1.051,1.044,947943000,1588875000,3626695000.0,3626695000.0,126307000.0,0.068,0.117,0.116,0.137,-42817000.0,263573000.0,1.0,87792199,87206000.0,89377000.0,41.588,6225592000,362876000,70651000.0,2068000,71.389,1576485000
34,FSLR,ART,2012-12-31,2013-02-27,2012-12-31,2021-07-30,10179000,6348692000,5897816750.0,2832324000,3516368000,0.571,41.51,-379228000.0,1202694000,1202694000,2515796000.0,-96338000.0,2.572,0.761,562572000,62349000,500223000,562572000,638574000,0.0,0,0.0,0.0,-25916000.0,-25916000.0,-0.008,-25916000.0,-25916000.0,-39804000.0,-1.11,-1.11,-1.11,3605526000,3408528750.0,3605526000,1716590220.0,-66.0,-66.237,382981000.0,4.409,1.0,852749000.0,0.253,65444000,13888000.0,4541752000,4384198000.0,569296000,102578000,102578000,0,2743166000,1101374000,1641792000,2356712220.0,295675000.0,-19598000.0,176000.0,-108842000.0,0.0,-89109000.0,-383732000.0,-1204000.0,762209000.0,6307000.0,-96338000.0,-96338000.0,-96338000.0,0.0,0.0,-0.029,890312000.0,-37563000.0,350230000,0.0,0.654,-24.463,-24.36,1525382000,0.0,27.04,0.7,0.697,972279000,1529733000,3368545000.0,3368545000.0,132460000.0,-0.016,-0.028,-0.006,-0.008,-27373000.0,280928000.0,1.0,87156517,86860000.0,86860000.0,38.781,6283248000,361543000,56534000.0,5474000,72.338,1730950000
35,FSLR,ART,2012-09-30,2012-11-02,2012-09-30,2021-07-30,-1745000,5981729000,5755047250.0,2710036000,3271693000,0.513,39.753,-457166000.0,900272000,900272000,2256560000.0,-663629000.0,2.378,0.73,529692000,61398000,468294000,529692000,534000,0.0,0,0.0,0.0,-680526000.0,-680526000.0,-0.23,-680526000.0,-680526000.0,-691820000.0,-7.72,-7.68,-7.72,3458154000,3418113000.0,3458154000,1591026815.0,-2.0,-2.338,-11782000.0,-0.135,1.0,697326000.0,0.236,65444000,11294000.0,4405878000,4397741250.0,674463000,102295000,102295000,0,2523575000,1139827000,1383748000,1961606815.0,-63861000.0,-19727000.0,404000.0,-68478000.0,0.0,28689000.0,-518622000.0,-68428000.0,445384000.0,-19312000.0,-663629000.0,-663629000.0,-663629000.0,0.0,0.0,-0.225,1392224000.0,-694898000.0,235744000,0.0,0.567,-2.956,-2.92,1549689000,0.0,22.54,0.664,0.664,883993000,1375555000,2953886000.0,2953886000.0,138727000.0,-0.115,-0.194,-0.155,-0.23,-92666000.0,343437000.0,1.0,87027809,86992000.0,87765000.0,33.956,5916285000,365624000,-28191000.0,6982000,68.01,1570209000
36,FSLR,ART,2012-06-30,2012-08-03,2012-06-30,2021-07-30,-5477000,5487334000,5690443000.0,2464424000,3022910000,0.548,38.702,-623820000.0,897651000,897651000,2282753000.0,-555032000.0,2.561,0.632,518851000,47768000,471083000,518851000,195418000,0.0,0,0.0,0.0,-571424000.0,-571424000.0,-0.183,-571424000.0,-571424000.0,-579816000.0,-6.45,-6.43,-6.45,3361439000,3560020500.0,3361439000,1104901615.0,-2.0,-1.934,1887000.0,0.022,1.0,837774000.0,0.268,65444000,8392000.0,4080825000,4357152000.0,718676000,113453000,113453000,0,2125895000,962265000,1163630000,1483701615.0,272763000.0,-24320000.0,745000.0,180916000.0,0.0,348188000.0,-668783000.0,-38330000.0,625707000.0,-32349000.0,-555032000.0,-555032000.0,-555032000.0,0.0,0.0,-0.178,1416974000.0,-579200000.0,194554000,0.0,0.441,-2.673,-2.645,1567367000,0.0,17.06,0.475,0.475,601213000,1287638000,3120527000.0,3120527000.0,144519000.0,-0.098,-0.156,-0.131,-0.183,-161192000.0,382673000.0,1.0,86969614,86855000.0,87653000.0,35.928,5421890000,372398000,-24784000.0,9175000,62.425,1502159000
37,FSLR,ART,2012-03-31,2012-05-04,2012-03-31,2021-07-30,-10892000,5773512000,5553417500.0,2900403000,2873109000,0.485,37.095,-687314000.0,893006000,893006000,1907138000.0,-604877000.0,2.477,0.799,864308000,58238000,806070000,864308000,177583000,0.0,0,0.0,0.0,-642186000.0,-642186000.0,-0.238,-642186000.0,-642186000.0,-643206000.0,-7.02,-7.0,-7.02,3208996000,3640045250.0,3208996000,1441191458.0,-2.0,-2.244,-693100000.0,-8.012,1.0,788831000.0,0.293,65444000,1020000.0,4508337000,4266247250.0,721988000,139238000,53107000,86131000,2564516000,1171033000,1393483000,1469889458.0,254755000.0,-22715000.0,5655000.0,737064000.0,0.0,878269000.0,-595361000.0,134714000.0,-5786000.0,-22367000.0,-604877000.0,-604877000.0,-604877000.0,0.0,0.0,-0.224,1443160000.0,-654329000.0,218216000,0.0,0.458,-2.43,-2.413,1540953000,0.0,16.94,0.545,0.544,888875000,1176655000,2695969000.0,2695969000.0,145256000.0,-0.109,-0.166,-0.151,-0.238,-120325000.0,417361000.0,1.0,86770334,86507000.0,86507000.0,31.165,5708068000,375998000,-38329000.0,15979000,65.984,1729370000
38,FSLR,ART,2011-12-31,2012-02-29,2011-12-31,2021-07-30,-5037000,5777614000,5218534750.0,2613261000,3164353000,0.53,42.338,-731814000.0,806169000,806169000,1794456000.0,-39493000.0,2.684,0.586,663648000,44505000,619143000,663648000,0,0.0,0,0.0,0.0,-53613000.0,-53613000.0,-0.019,-53613000.0,-53613000.0,-53713000.0,-0.46,-0.46,-0.46,3643863000,3729258500.0,3643863000,2650976768.0,-49.0,-49.447,-765277000.0,-8.892,1.0,971751000.0,0.351,65444000,100000.0,4595925000,3922551000.0,536618000,182338000,66146000,116192000,2133751000,973724000,1160027000,2793497768.0,-160070000.0,-21105000.0,8326000.0,436312000.0,0.0,571218000.0,-676457000.0,98624000.0,-33463000.0,-21368000.0,-39493000.0,-39493000.0,-39493000.0,0.0,0.0,-0.014,1040415000.0,-68664000.0,176448000,0.0,0.767,-70.734,-70.217,1815958000,0.0,32.3,1.01,1.005,843967000,1626071000,2766207000.0,2766207000.0,140523000.0,-0.008,-0.011,-0.014,-0.019,-110836000.0,412541000.0,1.0,86485999,86067000.0,86067000.0,32.14,5712170000,381418000,-14220000.0,9541000,66.369,1639537000
39,FSLR,ART,2011-09-30,2011-11-04,2011-09-30,2021-07-30,20675000,5723312000,4869232000.0,2430468000,3292844000,0.558,46.628,-825628000.0,882323000,882323000,1585305000.0,529564000.0,3.254,0.422,608341000,25597000,582744000,608341000,0,0.0,0,0.0,0.0,601094000.0,601094000.0,0.221,601094000.0,601094000.0,601094000.0,6.18,6.08,6.18,4025784000,3682029000.0,4025784000,4011827849.0,7.0,6.674,-520010000.0,-6.023,1.0,1130351000.0,0.416,458808000,0.0,4243521000,3489354000.0,481038000,116209000,84350000,31859000,1697528000,747001000,950527000,4285809849.0,57344000.0,7491000.0,10616000.0,353139000.0,0.0,414084000.0,-659984000.0,191737000.0,305618000.0,-2374000.0,529564000.0,529564000.0,529564000.0,0.0,0.0,0.195,548044000.0,582307000.0,170904000,0.0,1.065,8.093,8.024,1840295000,0.0,49.59,1.578,1.577,807619000,2039183000,2715656000.0,2715656000.0,130218000.0,0.109,0.144,0.172,0.221,-46727000.0,377897000.0,1.0,86424881,86338000.0,87151000.0,31.454,5264504000,310488000,71530000.0,33411000,60.976,1683467000
40,FSLR,ART,2011-06-30,2011-08-05,2011-06-30,2021-07-30,-39647000,4939232000,4488846750.0,1836231000,3103001000,0.559,42.727,-739374000.0,532175000,532175000,1434688000.0,509919000.0,3.102,0.342,360826000,28334000,332492000,360826000,0,0.0,0,0.0,0.0,591244000.0,591244000.0,0.236,591244000.0,591244000.0,591244000.0,5.98,5.87,5.98,3681538000,3500919500.0,3681538000,8927760582.0,15.0,15.1,-388317000.0,-4.507,1.0,1073079000.0,0.428,458808000,0.0,3717206000,3139688750.0,365708000,157962000,106966000,50996000,1257694000,591869000,665825000,9099109582.0,-153005000.0,-289005000.0,13321000.0,196225000.0,0.0,297872000.0,-827313000.0,224187000.0,351057000.0,25379000.0,509919000.0,509919000.0,509919000.0,0.0,0.0,0.203,501877000.0,571202000.0,189875000,0.0,2.472,17.844,17.63,1727993000,0.0,105.43,3.628,3.622,605654000,1842670000,2507767000.0,2507767000.0,113526000.0,0.114,0.146,0.188,0.236,-85864000.0,350115000.0,1.0,86304748,86164000.0,87126000.0,29.105,4480424000,271833000,81325000.0,36493000,51.999,1244362000
41,FSLR,ART,2011-03-31,2011-05-05,2011-03-31,2021-07-30,-51401000,4433981000,4161867500.0,1394255000,3039726000,0.616,41.792,-651928000.0,503432000,503432000,1400372000.0,607824000.0,2.967,0.243,131700000,28169000,103531000,131700000,0,0.0,0,0.0,0.0,699731000.0,699731000.0,0.273,699731000.0,699731000.0,699725000.0,7.14,7.01,7.14,3565849000,3333596500.0,3565849000,10649083137.0,15.0,15.219,-21522000.0,-0.252,1.0,1162475000.0,0.454,458808000,6000.0,3133552000,2852044500.0,301822000,357227000,199785000,157442000,868132000,469889000,398243000,11020815137.0,-65161000.0,-289005000.0,11013000.0,-41065000.0,0.0,37217000.0,-743137000.0,197498000.0,630406000.0,10353000.0,607824000.0,607824000.0,607824000.0,0.0,0.0,0.237,475330000.0,687145000.0,99398000,0.0,3.091,18.132,17.915,1549529000,0.0,127.91,4.3,4.258,373277000,1781532000,2562847000.0,2562847000.0,103260000.0,0.146,0.182,0.245,0.273,-67799000.0,341840000.0,1.0,86160700,85324000.0,87053000.0,30.037,3975173000,265992000,91901000.0,28148000,46.589,924366000
42,FSLR,ART,2010-12-31,2011-02-28,2010-12-31,2021-07-30,-27243000,4380403000,3921750750.0,1584460000,2795943000,0.654,40.699,-588914000.0,851692000,851692000,1378669000.0,664201000.0,3.374,0.268,237391000,26587000,210804000,237391000,0,0.0,0,0.0,0.0,762083000.0,762083000.0,0.297,762083000.0,762083000.0,762077000.0,7.82,7.68,7.82,3454945000,3153848000.0,3454945000,12045774989.0,16.0,15.806,116578000.0,1.373,1.0,1184846000.0,0.462,433288000,6000.0,2863137000,2700851500.0,243170000,348160000,167889000,180271000,925458000,469677000,455781000,12660075989.0,101190000.0,-267900000.0,9379000.0,72121000.0,0.0,150451000.0,-742085000.0,113428000.0,705492000.0,-12668000.0,664201000.0,664201000.0,664201000.0,0.0,0.0,0.259,435943000.0,748903000.0,82312000,0.0,3.664,19.061,18.848,1430789000,0.0,147.39,4.939,4.881,307019000,1665564000,2563515000.0,2563515000.0,94797000.0,0.169,0.211,0.282,0.297,-69367000.0,321704000.0,1.0,85895081,84891000.0,86491000.0,30.198,3947115000,259624000,97876000.0,16831000,46.496,1114783000
43,FSLR,ART,2010-09-30,2010-11-01,2010-09-25,2021-07-30,-30234000,4201771000,3664028000.0,1614841000,2586930000,0.708,38.806,-446331000.0,716240000,716240000,1440648000.0,649877000.0,3.528,0.273,250395000,26639000,223756000,250395000,0,0.0,0,0.0,0.0,739442000.0,739442000.0,0.285,739442000.0,739442000.0,739029000.0,7.67,7.53,7.67,3301346000,2953308500.0,3301346000,11058358388.0,15.0,14.955,323144000.0,3.798,1.0,1154331000.0,0.445,433288000,413000.0,2844860000,2520576000.0,220386000,400746000,212200000,188546000,900425000,457778000,442647000,11524203388.0,256402000.0,-296496000.0,8032000.0,70954000.0,0.0,176753000.0,-680968000.0,60067000.0,769475000.0,-8858000.0,649877000.0,649877000.0,649877000.0,0.0,0.0,0.25,426352000.0,727979000.0,71135000,0.0,3.491,17.733,17.528,1244598000,0.0,134.44,4.441,4.407,464624000,1509619000,2594979000.0,2594979000.0,90912000.0,0.177,0.22,0.293,0.285,-97797000.0,327089000.0,1.0,85720049,85072000.0,86610000.0,30.503,3768483000,257939000,89152000.0,17612000,44.298,1157063000
44,FSLR,ART,2010-06-30,2010-08-02,2010-06-26,2021-07-30,-16804000,3631315000,3387353250.0,1615870000,2015445000,0.672,35.5,-373481000.0,591585000,591585000,1200499000.0,626352000.0,4.969,0.206,138633000,24465000,114168000,138633000,0,0.0,0,0.0,0.0,691583000.0,691583000.0,0.304,691583000.0,691583000.0,691081000.0,7.41,7.28,7.41,3012246000,2742765500.0,3012246000,10338953682.0,15.0,14.95,323032000.0,3.807,1.0,1077432000.0,0.473,286515000,502000.0,2566629000,2382381750.0,224963000,475010000,285993000,189017000,619069000,325219000,293850000,10791905682.0,81322000.0,0.0,5850000.0,-81855000.0,0.0,-86468000.0,-504234000.0,-135446000.0,696513000.0,-24489000.0,626352000.0,626352000.0,626352000.0,0.0,0.0,0.275,398300000.0,679132000.0,68268000,0.0,3.583,17.23,17.023,1094877000,0.0,126.14,4.738,4.699,361677000,1332750000,2277931000.0,2277931000.0,93576000.0,0.185,0.228,0.29,0.304,10459000.0,296118000.0,1.0,85554984,84852000.0,86401000.0,26.846,3344800000,177026000,64729000.0,28552000,39.419,1290651000
45,FSLR,ART,2010-03-31,2010-04-29,2010-03-27,2021-07-30,-4289000,3473514000,3207069250.0,1404533000,2068981000,0.691,33.689,-299513000.0,498229000,498229000,1124619000.0,647888000.0,4.355,0.22,162484000,26355000,136129000,162484000,0,0.0,0,0.0,0.0,716264000.0,716264000.0,0.323,716264000.0,716264000.0,711941000.0,7.7,7.55,7.7,2846855000,2560926750.0,2846855000,12532137590.0,17.0,17.497,343212000.0,4.061,1.0,1091334000.0,0.492,286515000,4323000.0,2528780000,2254100250.0,199064000,624090000,293288000,330802000,626659000,322474000,304185000,12867882590.0,-204046000.0,318000.0,5628000.0,-75608000.0,0.0,-66777000.0,-782820000.0,-483392000.0,642725000.0,2826000.0,647888000.0,647888000.0,647888000.0,0.0,0.0,0.292,388634000.0,702700000.0,76029000,0.0,4.52,19.861,19.594,1030219000,0.0,150.87,5.807,5.753,295120000,1173708000,2215953000.0,2215953000.0,89345000.0,0.202,0.253,0.318,0.323,-3206000.0,290447000.0,1.0,85291195,84505000.0,86092000.0,26.223,3186999000,172518000,64053000.0,15729000,37.714,1082059000
46,FSLR,ART,2009-12-31,2010-02-22,2009-12-26,2021-07-30,-9596000,3349512000,2910798750.0,1351271000,1998241000,0.71,31.77,-279941000.0,700993000,700993000,1021618000.0,640138000.0,3.422,0.263,174958000,28559000,146399000,174958000,0,0.0,0,0.0,0.0,691572000.0,691572000.0,0.335,691572000.0,691572000.0,686314000.0,7.67,7.53,7.67,2652787000,2275631000.0,2652787000,9112538395.0,13.0,13.177,395252000.0,4.734,1.0,1044582000.0,0.506,286515000,5258000.0,2142035000,1999868250.0,174516000,474844000,120236000,354608000,696725000,394927000,301798000,9638573395.0,-51719000.0,318000.0,5961000.0,-33485000.0,0.0,-22021000.0,-701690000.0,-420815000.0,675193000.0,-3201000.0,640138000.0,640138000.0,640138000.0,0.0,0.0,0.31,364967000.0,679615000.0,75744000,0.0,3.633,15.057,14.744,988782000,0.0,113.09,4.665,4.57,226826000,1001363000,2066200000.0,2066200000.0,78161000.0,0.22,0.281,0.346,0.335,-4892000.0,272898000.0,1.0,85229228,83500000.0,85044000.0,24.745,3062997000,152194000,46176000.0,8740000,36.683,956344000
47,FSLR,ART,2009-09-30,2009-10-30,2009-09-26,2021-07-30,-36409000,3095072000,2602046250.0,1203392000,1891680000,0.714,29.214,-339418000.0,364814000,364814000,846287000.0,631289000.0,3.471,0.259,192489000,29169000,163320000,192489000,0,0.0,0,0.0,0.0,712838000.0,712838000.0,0.384,712838000.0,712838000.0,707609000.0,7.63,7.5,7.63,2459174000,1990694750.0,2459174000,10204862226.0,14.0,14.316,125232000.0,1.488,1.0,1012299000.0,0.545,284005000,5229000.0,2292083000,1752131750.0,189466000,527435000,158847000,368588000,635898000,346659000,289239000,10377187226.0,-216965000.0,-24682000.0,6614000.0,19060000.0,0.0,50688000.0,-716118000.0,-350262000.0,464650000.0,-16185000.0,631289000.0,631289000.0,631289000.0,0.0,0.0,0.34,316083000.0,696216000.0,72338000,0.0,4.22,16.438,15.98,962732000,0.0,121.93,5.583,5.522,348965000,859743000,1858586000.0,1858586000.0,65525000.0,0.243,0.317,0.407,0.384,-24401000.0,228978000.0,1.0,85107744,84179000.0,85892000.0,22.079,2811067000,132811000,76320000.0,17555000,33.394,856733000
48,FSLR,ART,2009-06-30,2009-08-03,2009-06-27,2021-07-30,-45119000,2910179000,2293240750.0,1244487000,1665692000,0.753,27.291,-370331000.0,429160000,429160000,763680000.0,577214000.0,3.399,0.274,233574000,76639000,156935000,233574000,0,0.0,0,0.0,0.0,681008000.0,681008000.0,0.394,681008000.0,681008000.0,675741000.0,7.04,6.91,7.04,2284891000,1722193750.0,2284891000,12973840778.0,19.0,19.051,56526000.0,0.675,1.0,962749000.0,0.558,294962000,5267000.0,2053503000,1457638500.0,168774000,406618000,209684000,196934000,625288000,366128000,259160000,13169426778.0,-82084000.0,-24682000.0,12678000.0,112752000.0,0.0,156101000.0,-625663000.0,-226013000.0,426857000.0,-39379000.0,577214000.0,577214000.0,577214000.0,0.0,0.0,0.334,299172000.0,663577000.0,55631000,0.0,5.764,22.816,22.099,911869000,0.0,155.58,7.628,7.545,351266000,706399000,1726429000.0,1726429000.0,51341000.0,0.252,0.335,0.467,0.394,-30059000.0,223983000.0,1.0,84647299,83723000.0,85668000.0,20.621,2615217000,117553000,98527000.0,57336000,31.237,878359000
49,FSLR,ART,2009-03-31,2009-05-01,2009-03-28,2021-07-30,-14554000,2288432000,1984478500.0,1239704000,1048728000,0.74,20.881,-471069000.0,655080000,655080000,658241000.0,466306000.0,3.925,0.342,228168000,32952000,195216000,228168000,0,0.0,0,0.0,0.0,569739000.0,569739000.0,0.388,569739000.0,569739000.0,568299000.0,5.75,5.65,5.75,1705672000,1463621250.0,1705672000,14852194475.0,26.0,26.068,-7531000.0,-0.092,1.0,809353000.0,0.551,33829000,1440000.0,1511852000,1190258750.0,131468000,211636000,172176000,39460000,582760000,315839000,266921000,15279106475.0,34398000.0,-25000000.0,11541000.0,164288000.0,0.0,204100000.0,-580334000.0,-84265000.0,463538000.0,-52906000.0,466306000.0,466306000.0,466306000.0,0.0,0.0,0.318,261090000.0,548263000.0,41853000,0.0,8.958,32.766,31.459,867660000,0.0,180.89,10.411,10.068,184790000,525820000,1467594000.0,1467594000.0,40461000.0,0.235,0.319,0.479,0.388,-27660000.0,194683000.0,1.0,84466286,81685000.0,82612000.0,17.967,2254603000,73645000,101993000.0,102242000,27.601,923865000
50,FSLR,ART,2008-12-31,2009-02-25,2008-12-27,2021-07-30,-24421000,2114502000,1781660250.0,1077401000,1037101000,0.7,18.871,-459271000.0,746277000,746277000,567908000.0,348330000.0,2.822,0.398,198470000,34951000,163519000,198470000,0,0.0,0,0.0,0.0,464285000.0,464285000.0,0.373,464285000.0,464285000.0,463776000.0,4.34,4.24,4.34,1513042000,1324997500.0,1513042000,8241159373.0,18.0,17.75,3796000.0,0.047,1.0,678393000.0,0.544,33829000,509000.0,1151089000,990529500.0,121554000,130601000,76042000,54559000,601460000,381777000,219683000,8788966373.0,311954000.0,-25000000.0,16036000.0,97196000.0,0.0,177549000.0,-308441000.0,175830000.0,463067000.0,-20221000.0,348330000.0,348330000.0,348330000.0,0.0,0.0,0.279,240054000.0,438339000.0,46251000,0.0,5.809,25.232,24.804,842622000,0.0,107.65,7.052,6.925,61703000,361225000,1246301000.0,1246301000.0,33517000.0,0.196,0.263,0.469,0.373,-28661000.0,174039000.0,1.0,81643905,80178000.0,82124000.0,15.544,2080673000,71247000,115446000.0,99938000,25.951,695624000
51,FSLR,ART,2008-09-30,2008-10-31,2008-09-27,2021-07-30,11957000,1859850000,1595862750.0,962376000,897474000,0.635,17.222,-427346000.0,581779000,581779000,458030000.0,278433000.0,3.233,0.343,167499000,26691000,140808000,167499000,0,0.0,0,0.0,0.0,378598000.0,378598000.0,0.374,378598000.0,378598000.0,378304000.0,3.51,3.41,3.51,1385170000,1221053750.0,1385170000,11238331445.0,30.0,29.684,-67828000.0,-0.843,1.0,555417000.0,0.548,33829000,294000.0,1114110000,916578750.0,126469000,177567000,133371000,44196000,474680000,297631000,177049000,11652611445.0,464626000.0,-5500000.0,17535000.0,55674000.0,0.0,137071000.0,-28830000.0,404016000.0,359518000.0,-3133000.0,278433000.0,278433000.0,278433000.0,0.0,0.0,0.275,200522000.0,354895000.0,36691000,0.0,8.412,41.851,40.94,750477000,0.0,143.7,11.498,11.404,41474000,228454000,1013447000.0,1013447000.0,26869000.0,0.174,0.228,0.413,0.374,-25332000.0,145483000.0,1.0,81089850,80430000.0,82436000.0,12.6,1826021000,58568000,99871000.0,70726000,22.703,664745000
52,FSLR,ART,2008-06-30,2008-07-31,2008-06-28,2021-07-30,-5911000,1675130000,1425189250.0,838573000,836557000,0.578,15.657,-396889000.0,511244000,511244000,381746000.0,225198000.0,3.003,0.339,133176000,24629000,108547000,133176000,0,0.0,0,0.0,0.0,299668000.0,299668000.0,0.364,299668000.0,299668000.0,298854000.0,2.89,2.79,2.89,1250601000,1119966000.0,1250601000,22437037497.0,75.0,74.873,-93783000.0,-1.174,1.0,442014000.0,0.537,33829000,814000.0,983984000,901529000.0,106902000,179918000,121760000,58158000,424529000,279249000,145280000,22815105497.0,403445000.0,-5500000.0,380484000.0,-6187000.0,0.0,444734000.0,-363307000.0,39082000.0,303106000.0,18912000.0,225198000.0,225198000.0,225198000.0,0.0,0.0,0.273,168972000.0,273042000.0,42483000,0.0,18.243,101.311,98.626,674268000,0.0,285.03,27.696,27.638,49994000,129185000,823760000.0,823760000.0,20771000.0,0.158,0.201,0.332,0.364,-44149000.0,123570000.0,1.0,80044576,79877000.0,82004000.0,10.313,1641301000,69463000,73656000.0,51197000,20.548,559324000
53,FSLR,ART,2008-03-31,2008-05-02,2008-03-29,2021-07-30,-9050000,1477159000,1187209750.0,798251000,678908000,0.534,14.561,-276222000.0,590534000,590534000,308257000.0,199945000.0,3.505,0.283,87883000,17673000,70210000,87883000,0,0.0,0,0.0,0.0,214959000.0,214959000.0,0.339,214959000.0,214959000.0,212862000.0,2.63,2.52,2.63,1151177000,927641750.0,1151177000,21527938166.0,100.0,100.149,-45930000.0,-0.581,1.0,325685000.0,0.514,33829000,2097000.0,712935000,820653250.0,58559000,145583000,90130000,55453000,325982000,227744000,98238000,22030589166.0,265522000.0,-5500000.0,381489000.0,-25064000.0,0.0,431918000.0,-415798000.0,-134076000.0,230292000.0,19110000.0,199945000.0,199945000.0,199945000.0,0.0,0.0,0.315,135570000.0,190115000.0,167063000,0.0,19.137,110.183,105.034,529390000,0.0,276.24,34.752,34.45,18027000,59514000,633942000.0,633942000.0,16809000.0,0.168,0.216,0.262,0.339,-34451000.0,97229000.0,1.0,79751626,79059000.0,81607000.0,8.019,1443330000,55492000,12917000.0,0,18.256,570507000
54,FSLR,ART,2007-12-31,2008-02-21,2007-12-29,2021-07-30,4518000,1371312000,972610750.0,802509000,568803000,0.518,14.689,-242371000.0,404264000,404264000,252573000.0,158354000.0,4.304,0.25,108165000,39309000,68856000,108165000,0,0.0,0,0.0,0.0,158256000.0,158256000.0,0.314,158256000.0,158256000.0,155962000.0,2.12,2.03,2.12,1097267000,735402000.0,1097267000,16345419376.0,103.0,103.285,-36420000.0,-0.488,1.0,251403000.0,0.499,33449000,2294000.0,855286000,722766250.0,40204000,280094000,232686000,47408000,274045000,186478000,87567000,16641518376.0,96172000.0,-5500000.0,376142000.0,14611000.0,0.0,430421000.0,-547250000.0,-299379000.0,205951000.0,7050000.0,158354000.0,158354000.0,158354000.0,0.0,0.0,0.314,114222000.0,137181000.0,132366000,0.0,15.166,105.091,99.807,430104000,0.0,211.59,33.02,31.363,18165000,12895000,503976000.0,503976000.0,15107000.0,0.163,0.215,0.219,0.314,-30196000.0,82248000.0,1.0,78649834,74701000.0,77971000.0,6.747,1337863000,55701000,-2392000.0,0,17.91,616031000
55,FSLR,ART,2007-09-30,2007-11-07,2007-09-29,2021-07-30,3864000,1177156000,774410250.0,795785000,381371000,0.46,12.962,-200736000.0,117153000,117153000,189806000.0,103518000.0,7.093,0.2,106097000,33613000,72484000,106097000,0,0.0,0,0.0,0.0,85173000.0,85173000.0,0.239,85173000.0,85173000.0,82885000.0,1.44,1.38,1.44,980819000,563945250.0,980819000,13016830059.0,153.0,152.828,-81164000.0,-1.073,1.0,166068000.0,0.467,0,2288000.0,1053911000,583705250.0,31887000,579099000,564641000,14458000,196337000,112189000,84148000,13027886059.0,85780000.0,0.0,675364000.0,26137000.0,0.0,735435000.0,-772167000.0,-571431000.0,119572000.0,2940000.0,103518000.0,103518000.0,103518000.0,0.0,0.0,0.291,98108000.0,67960000.0,69465000,0.0,13.283,125.851,116.056,317552000,0.0,167.12,36.608,35.533,19660000,-49979000,355874000.0,355874000.0,12324000.0,0.134,0.184,0.146,0.239,-18600000.0,69007000.0,1.0,77955278,75666000.0,79088000.0,4.703,1177156000,48823000,-20633000.0,0,15.557,683596000
56,FSLR,ART,2007-06-30,2007-08-03,2007-06-30,2021-07-30,2197000,723212000,543907750.0,424087000,299125000,,6.63,,107799000,107799000,,,5.497,0.376,122211000,25734000,96477000,122211000,0,,0,0.0,0.0,,,,,,,,,,481304000,349055000.0,481304000,7317854796.0,,,,,1.0,,,0,,660481000,376285750.0,26848000,221231000,207208000,14023000,181202000,77143000,104059000,7303442796.0,,,,,,,,,,,,,,,,,,,51394000,,15.174,,,245559000,,100.05,,,13736000,-96013000,,,,,,,,,,1.0,72997929,72596000.0,,,723212000,39219000,,0,9.962,346944000
57,FSLR,ART,2007-06-30,2007-08-02,2007-06-30,2021-07-30,2197000,723212000,543907750.0,424087000,299125000,,6.63,,107799000,107799000,,,5.497,0.376,122211000,25734000,96477000,122211000,0,,0,0.0,0.0,,,,,,,,,,481304000,349055000.0,481304000,7645615498.0,,,,,1.0,,,0,,660481000,376285750.0,26848000,221231000,207208000,14023000,181202000,77143000,104059000,7631203498.0,,,,,,,,,,,,,,,,,,,51394000,,15.855,,,245559000,,104.54,,,13736000,-96013000,,,,,,,,,,1.0,72997929,72596000.0,,,723212000,39219000,,0,9.962,346944000
58,FSLR,ART,2007-03-31,2007-05-08,2007-03-31,2021-07-30,1202000,618763000,,387489000,231274000,,5.283,,325012000,325012000,,,5.682,0.381,95830000,23875000,71955000,95830000,0,,0,0.0,0.0,,,,,,,,,,382218000,,382218000,4750981980.0,,,,,1.0,,,0,,321387000,,15023000,8639000,326000,8313000,145448000,68194000,77254000,4980163980.0,,,,,,,,,,,,,,,,,,,44319000,,13.03,,,220918000,,68.82,,,7844000,-140431000,,,,,,,,,,1.0,72365068,72347000.0,,,618763000,0,,0,8.553,319295000
59,FSLR,ART,2006-12-31,2007-03-16,2006-12-30,2021-07-30,1022000,578510000,,388522000,189988000,,7.307,-153150000.0,308092000,308092000,80730000.0,3974000.0,7.461,0.284,80697000,19650000,61047000,80697000,0,0.0,0,0.0,0.0,10203000.0,10203000.0,0.076,10203000.0,10203000.0,9180000.0,0.07,0.07,0.07,411440000,,411440000,3500757991.0,343.0,343.111,-153726000.0,-2.73,1.0,54244000.0,0.402,0,1023000.0,299042000,,16510000,8547000,323000,8224000,116844000,52073000,64771000,3728152991.0,291371000.0,0.0,302750000.0,101998000.0,0.0,451550000.0,-159994000.0,-6804000.0,-576000.0,391000.0,3974000.0,3974000.0,3974000.0,0.0,0.0,0.029,51434000.0,2810000.0,32083000,0.0,9.061,938.136,736.0,178868000,0.0,51.52,27.621,21.494,27966000,-145403000,134974000.0,134974000.0,6361000.0,,,,0.076,0.0,33348000.0,1.0,72363218,56310000.0,58255000.0,2.397,578510000,0,5206000.0,0,10.274,336449000
60,FSLR,ART,2006-09-30,2006-11-15,2006-09-30,2021-07-30,-64000,255146000,,89947000,165199000,,,,31373000,31373000,,,1.275,0.898,71017000,35448000,35569000,71017000,0,,0,,,,,,,,,,,,121258000,,121258000,,,,,,1.0,,,0,,224233000,,10526000,7054000,320000,6734000,108944000,70557000,38387000,,,,,,,,,,,,,,,,,,,,34949000,,,,,156799000,,,,,26433000,-153441000,,,,,,,,,,1.0,69387276,,,,255146000,0,,0,,19390000
